1534 2444
92 115 198 152 VIII
224 111 290 165 20]
351 114 440 151 DE
476 112 744 151 IMPERIO
788 113 873 150 CN.
913 113 1162 151 POMPEI.
1403 122 1421 160 7

92 223 196 256 recte
223 229 308 255 esse
335 215 524 255 dicemus.
584 215 745 254 Deinde
773 228 821 254 ex
846 215 985 255 ceteris
1012 214 1216 254 ordinibus
1243 215 1424 254 homines
1445 218 1491 256 18

91 281 207 332 gnavi
226 287 345 331 atque
364 279 543 319 industrii
562 280 704 330 partim
726 279 800 329 ipsi
821 279 862 317 in
883 279 977 318 Asia
997 279 1259 329 negotiantur,
1281 279 1423 330 quibus

92 359 162 385 vos
200 345 431 385 absentibus
475 346 682 383 consulere
727 343 892 390 debetis,
930 343 1073 405 partim
1119 356 1254 383 eorum
1292 343 1333 382 in
1378 358 1425 383 ea

92 410 294 461 provincia
323 386 534 460 pecunia&
545 421 709 459 magnas
742 397 969 447 collocatas
972 395 1151 447 &liabent
1210 410 1282 447 Est
1309 408 1426 459 igitur

58 474 345 520 shumanitatis
384 483 535 513 vestrae
581 486 768 524 magnum
813 485 1021 512 numerum
1067 471 1236 526 [eorum]
1278 473 1423 512 civium

91 539 314 578 calamitate
351 539 572 590 prohibere,
603 538 821 589 sapientiae
854 539 988 577 videre
1026 540 1241 577 multorum
1280 538 1423 577 civium

93 605 356 644 calamitatem
374 618 397 643 a
412 618 452 643 re
473 603 632 655 publica
651 604 870 643 seiunctam
891 617 976 643 esse
996 616 1076 643 non
1096 617 1222 655 posse.
1265 604 1424 644 Etenim

95 670 263 721 primum
290 671 386 709 illud
412 670 521 730 parvi
546 671 674 718 refert,
692 683 788 754 Η1))05
796 670 1017 745 publicanis
1033 683 1197 746 omlsgrs
1217 670 1449 738 vectigalia
1451 721 1453 728 Ι
1474 681 1501 728 ,3
1524 707 1526 711 .

95 743 272 803 postea
260 735 422 799 victoria
452 748 703 785 recuperare3
708 724 878 785 neque
892 721 1017 774 enim
1033 722 1167 774 i‘ffdeiri
1201 718 1441 786 redimendi
1448 785 1449 790 ¹
1480 764 1514 788 Ἣ,

44 823 74 839 0
92 780 287 839 facultas
297 780 379 839 erit
396 798 578 850 ‘propter
625 800 891 840 calamitatem
939 813 1070 850 neque
1113 800 1197 839 aliis
1243 795 1423 841 voluntas
1512 792 1523 801 ²

95 872 254 915 propter
287 864 482 904 timorem.
543 864 712 912 Deinde,
744 866 854 915 quod
888 879 961 904 nos
999 866 1140 904 eadem
1174 867 1268 904 Asia
1305 875 1423 919 atque
1443 877 1491 914 19

95 929 202 968 idem
222 929 294 968 iste
317 916 569 969 Mithridates
596 929 708 969 initio
728 930 820 969 belli
840 930 1004 970 Asiatici
1030 931 1179 980 docuit,
1199 931 1241 971 id
1260 933 1423 994 quidem

96 1001 200 1034 certe
232 994 455 1033 calamitate
487 994 595 1054 docti
630 994 820 1034 memoria
853 996 1021 1034 retinere
1054 996 1256 1036 debemus.
1291 990 1422 1037 Nam

94 1066 191 1114 tum,
221 1071 311 1097 curn
340 1058 380 1097 in
410 1052 504 1098 Asia
532 1052 593 1110 res
622 1073 784 1110 magnas
813 1060 995 1110 permulti
1025 1060 1250 1110 amiserant,
1277 1063 1423 1103 scimus

44 1145 74 1169 15
95 1126 248 1164 Romae
281 1123 479 1163 solutione
509 1124 699 1175 impedita
732 1126 852 1164 fidem
884 1125 1115 1165 concidisse.
1189 1129 1283 1167 Non
1317 1129 1423 1168 enim

94 1197 259 1241 possunt
287 1203 367 1228 una
392 1189 432 1228 in
461 1189 620 1229 civitate
646 1189 758 1228 multi
785 1203 864 1229 rem
893 1192 1141 1245 acfortunas
1169 1193 1359 1240 amittere,
1381 1202 1424 1234 ut

95 1267 176 1294 non
196 1254 327 1304 plures
355 1267 489 1293 secum
509 1253 550 1293 in
576 1255 744 1294 eandem
772 1255 927 1293 trahant
953 1255 1228 1295 calamitatem.
1286 1259 1323 1296 A
1344 1271 1424 1308 quo

94 1319 269 1370 periculo
298 1319 506 1370 prohibete
534 1333 617 1366 rem
645 1319 845 1370 publicam
875 1326 915 1358 et
943 1319 1037 1358 mihi
1067 1321 1225 1369 credite,
1249 1321 1290 1361 id
1315 1325 1423 1373 quod

94 1385 167 1436 ipsi
196 1385 347 1432 videtis,
377 1386 476 1424 haec
504 1386 601 1425 fides
631 1392 751 1434 atque
779 1386 876 1424 haec
905 1385 1004 1425 ratio
1032 1387 1300 1436 pecuniarum,
1322 1402 1423 1440 quae

44 1471 76 1488 20
97 1451 262 1496 Romae,
301 1463 403 1500 quae
447 1449 486 1488 in
531 1451 615 1489 foro
653 1458 838 1498 versatur,
877 1446 1078 1501 implicata
1118 1461 1176 1492 est
1214 1467 1304 1492 cum
1349 1455 1424 1494 illis

98 1515 276 1566 pecuniis
304 1515 487 1554 Asiaticis
516 1524 555 1555 et
583 1517 934 1565 cohaeret;,ruere
967 1517 1032 1556 illa
1059 1530 1141 1557 non
1174 1527 1351 1568 possunt,
1381 1529 1425 1561 ut

96 1581 194 1620 haec
220 1594 300 1620 non
321 1581 464 1620 eodem
490 1582 685 1633 labefacta
706 1589 816 1621 motu
842 1581 1065 1621 concidant.
1128 1583 1260 1632 Quare
1279 1584 1422 1632 videte,

95 1658 188 1684 num
223 1635 485 1685 dubitandum
514 1637 626 1685 vobis
658 1646 706 1686 sit
736 1647 845 1686 omni
876 1646 1008 1686 studio
1038 1649 1090 1687 ad
1118 1648 1333 1688 id'bellum
1363 1651 1421 1689 in-

95 1711 289 1758 cumbere,
329 1709 368 1749 in
406 1723 487 1760 quo
523 1712 648 1761 gloria
684 1711 856 1751 nominis
894 1712 1022 1760 vestri,
1062 1714 1166 1752 salus
1210 1715 1420 1763 sociorum,

44 1795 75 1819 25
94 1774 297 1825 vectigalia
322 1776 502 1823 maxima,
524 1777 706 1817 fortunae
732 1777 991 1828 plurimorum
1019 1778 1164 1818 civium
1184 1780 1423 1822 coniunctae

95 1851 186 1877 cum
204 1852 245 1878 re
264 1839 423 1889 publica
442 1840 715 1879 defendantur.
1379 1830 1383 1834 ⁵

175 1905 296 1942 VIII.
356 1904 554 1960 Quoniam
576 1906 626 1944 de
645 1919 787 1957 genere
807 1907 899 1947 belli
919 1907 1009 1955 dixi,
1032 1922 1138 1949 nunc
1158 1911 1208 1950 de
1234 1913 1424 1963 magnitu-
1444 1917 1493 1956 20

98 1966 190 2006 dine
210 1981 339 2018 pauca
363 1968 504 2008 dicam.
565 1971 700 2009 Potest
726 1971 833 2011 enim
859 1974 935 2012 hoc
961 1967 1050 2021 dici,
1071 1976 1163 2014 belli
1188 1990 1310 2027 genus
1337 1992 1423 2019 esse

97 2031 152 2072 ita
183 2031 460 2081 necessarium,
491 2041 534 2080 ut
565 2033 614 2072 sit
642 2037 871 2086 gerendum,
906 2051 986 2077 non
1021 2052 1106 2079 esse
1138 2040 1191 2079 ita
1222 2054 1421 2093 magnum,

45 2117 77 2142 30
95 2103 143 2150 ut'
166 2096 216 2148 sit
243 2097 611 2148 pertimescendum.
671 2101 720 2138 In
751 2113 832 2150 quo
862 2101 1030 2142 maxime
1061 2105 1321 2145 laborandum
1351 2116 1421 2157 est,

97 2175 148 2202 ne
183 2165 284 2202 forte
322 2176 369 2202 ea
405 2163 528 2211 vobis,
563 2177 664 2214 quae
702 2165 999 2217 diligentissime
1037 2170 1282 2220 providenda
1319 2182 1420 2221 sunt,

97 2228 389 2269 contemnenda
416 2241 503 2267 esse
529 2228 744 2286 videantur.
802 2233 935 2280 Atque
961 2240 1003 2271 ut
1029 2243 1167 2274 omnes
1194 2234 1423 2289 intellegant

96 2302 162 2341 me
186 2292 229 2331 L.
251 2293 418 2338 Lucullo
444 2300 597 2332 tantum
624 2286 822 2346 impertire
846 2297 987 2347 laudis,
1009 2308 1203 2349 quantum
1223 2302 1312 2341 forti
1338 2303 1422 2342 viro
