1534 2444
115 114 162 148 14
364 102 453 139 DE
487 102 750 140 IMPERIO
792 101 877 140 CN.
915 101 1158 140 POMPEI.
1219 98 1413 154 [x11136

109 216 327 253 coeperam,
343 211 514 253 quantae
529 211 646 251 atque
661 215 778 252 quam
794 203 938 240 multae
954 209 1044 241 sunt
1059 205 1067 241 ἔ
1107 204 1199 242 Non
1214 203 1320 243 enim
1335 204 1413 243 bel-

110 267 340 306 landivirtus
349 268 476 304 solum
490 266 528 304 in
542 278 696 304 summo
709 278 755 303 ac
767 266 939 315 perfecto
951 266 1182 316 imperatore
1194 268 1416 317 quaerenda

111 338 180 378 est,
204 331 271 368 sed
294 331 437 368 multae
464 336 553 367 sunt
579 336 680 368 artes
706 329 869 369 eximiae
888 328 1002 368 huius
1022 329 1275 369 administrae
1294 332 1413 370 comi·

111 401 246 443 tesque
266 393 423 431 virtutis.
481 395 540 430 Ac
560 393 727 442 primum
754 401 900 443 quanta
925 393 1148 443 innocentia
1167 394 1313 433 debent
1331 408 1416 434 esse

105 444 360 510 imperatores
377 460 383 494 ἔ
412 465 557 506 quanta
577 456 720 495 deinde
738 456 779 494 in
798 456 982 496 omnibus
1001 458 1115 496 rebus
1135 458 1413 508 temperantia!
1434 480 1448 503 ς

25 532 30 542 “
47 524 63 534 “
77 515 258 571 ‘''quanta
277 521 368 572 fide,
385 528 531 570 quanta
549 520 743 567 facilitate,
766 529 914 570 quanto
933 520 1103 571 ingenio,
1122 531 1267 571 quanta
1286 523 1417 560 huma-

113 587 255 623 nitate!
285 598 385 634 quae
406 585 570 623 breviter
585 576 717 634 {lualia
737 584 812 622 sint
831 583 872 622 in
892 585 965 623 Cn.
988 585 1179 634 Pompeio
1198 586 1415 625 considere-

113 661 210 687 mus.
267 649 426 686 Summa
452 648 556 686 enim
582 647 714 686 omnia
740 655 842 693 sunt,
863 647 1046 696 Quirites,
1068 649 1137 686 sed
1157 661 1205 687 ea
1231 648 1351 699 magis
1370 662 1417 688 ex

114 712 275 750 aliorum
309 712 564 750 contentione
597 724 713 761 quam
747 711 831 761 ipsa
863 724 933 761 per
964 724 1048 750 sese
1080 712 1266 762 cognosci
1301 719 1418 762 atque

47 774 95 812 37
115 774 283 825 intellegi
302 782 476 824 possunt.
535 774 662 822 Quem
690 774 796 812 enim
815 774 1089 823 imperatorem
1110 787 1318 824 possumus
1341 776 1421 814 ullo
1443 796 1473 814 ιο

115 839 155 877 ἱη
188 851 349 877 numero
382 846 531 888 putare,
564 837 674 877 cuius
706 837 746 876 in
779 837 950 876 exercitu
982 838 1220 877 centuriatus
1252 846 1421 877 veneant

115 909 232 951 atque
251 901 470 940 venierint?
506 902 613 951 Quid
633 903 735 940 hunc
749 901 949 940 hominem
965 914 1148 951 magnum
1165 908 1230 940 aut
1246 903 1419 952 amplum

115 966 165 1004 de
184 978 224 1004 re
243 966 398 1015 publica
417 966 597 1016 cogitare,
615 965 682 1015 qui
702 964 909 1015 pecuniam
924 978 972 1004 ex
985 964 1134 1004 aerario
1148 965 1420 1016 depromptam

116 1030 167 1067 ad
189 1029 331 1066 bellum
351 1028 703 1067 administrandum
728 1036 794 1067 aut
821 1036 977 1078 propter
995 1028 1248 1079 cupiditatem
1269 1029 1422 1079 provin-

117 1093 199 1132 ciae
220 1092 504 1143 magistratibus
523 1092 696 1131 diviserit
714 1100 780 1131 aut
806 1100 966 1142 propter
990 1092 1189 1131 avaritiam
1211 1094 1364 1131 Romae
1382 1093 1423 1146 iq
1446 1114 1475 1138 ιε

117 1164 280 1206 quaestu
313 1156 535 1206 reliquerit?
589 1157 729 1194 Vestra
761 1155 1067 1194 admurmuratio
1100 1155 1202 1203 facit,
1237 1156 1420 1206 Quirites,

119 1228 162 1259 ut
196 1232 407 1269 agnoscere
443 1219 664 1267 videamini,
704 1219 771 1269 qui
808 1220 905 1259 haec
948 1219 1133 1267 fecerint;
1179 1232 1253 1270 ego
1289 1227 1420 1259 autem

120 1283 279 1323 nomino
299 1283 522 1331 neminem3
547 1295 666 1333 quare
691 1282 802 1322 irasci
827 1282 920 1321 mibi
947 1296 1065 1322 nemo
1090 1283 1242 1333 poterit,
1262 1283 1336 1322 nisi
1356 1285 1422 1334 qui

119 1356 209 1387 ante
228 1349 278 1387 de
293 1360 334 1387 se
349 1347 513 1387 voluerit
532 1347 717 1386 confiteri.
769 1349 908 1397 Itaque
927 1355 1087 1397 propter
1104 1348 1206 1405 lianc
1225 1347 1422 1387 avaritiam

121 1411 394 1462 imperatorum
425 1419 589 1461 quantas
619 1411 869 1457 calamitates,
897 1413 1145 1461 quocumqhe
1176 1417 1336 1450 ventum
1358 1411 1424 1459 sit,
1446 1433 1479 1450 ω

54 1479 104 1517 38
122 1474 242 1514 nostri
261 1474 448 1513 exercitus
463 1476 598 1521 serant,
613 1474 699 1524 quis
715 1474 892 1525 ignorat?
935 1466 1083 1516 Itinetd
1099 1487 1200 1524 quae
1220 1488 1288 1525 per
1306 1476 1425 1515 hosce

122 1551 246 1578 annos
266 1538 305 1576 in
327 1539 439 1576 Italia
459 1551 527 1587 per
545 1551 656 1588 agros
675 1547 793 1588 atque
819 1538 967 1587 oppida
992 1536 1134 1577 civium
1156 1540 1426 1578 Romanorum

123 1601 244 1642 nostri
273 1601 522 1651 imperatores
551 1600 721 1646 fecerint,
752 1600 1035 1648 recordamin13
1066 1608 1148 1639 tum
1178 1602 1326 1640 facilius
1352 1611 1426 1641 sta-

75 1699 77 1701 *
123 1666 250 1721 metis,
272 1665 366 1716 quid
386 1666 492 1715 apud
512 1672 660 1703 exteras
686 1664 865 1704 nationes
890 1664 972 1703 fieri
991 1664 1226 1704 existimetis.
1284 1666 1425 1705 Utrum

125 1733 254 1782 plures
273 1729 510 1769 arbitramini
529 1742 598 1779 per
611 1730 731 1768 hosce
750 1741 875 1768 annos
894 1728 1059 1767 militum
1079 1736 1294 1768 vestrorum
1313 1730 1428 1769 armis
1449 1752 1479 1776 25

68 1784 72 1789 ί
125 1795 295 1834 hostium
320 1795 434 1832 urbes
459 1806 509 1832 an
534 1792 706 1832 hibernis
732 1792 927 1832 sociorum
953 1792 1129 1832 civitates
1147 1793 1232 1833 esse
1251 1794 1428 1833 deletas?

107 1861 269 1909 'tNeque
288 1857 392 1897 enim
413 1864 543 1907 potest
562 1856 772 1896 exercitum
793 1856 826 1896 is
844 1857 1046 1896 continere
1064 1856 1283 1908 imperator,
1302 1857 1367 1908 qui
1386 1870 1428 1897 se

100 1911 109 1965 Ῐ,
126 1922 210 1973 ipse
230 1935 309 1961 non
328 1920 513 1967 continet,
535 1932 663 1970 neque
682 1932 838 1981 severus
857 1933 942 1959 esse
956 1919 995 1959 in
1010 1919 1234 1967 iudicando,
1250 1921 1319 1971 qui
1332 1921 1429 1961 alios

61 1988 113 2031 3ss
130 1987 168 2025 in
199 1999 241 2025 se
270 1997 424 2024 severos
454 1996 540 2023 esse
568 1983 717 2023 iudices
747 1983 827 2024 non
857 1984 948 2022 vult.
1009 1982 1089 2022 Hic
1117 1982 1300 2023 miramur
1326 1984 1430 2023 hunc

130 2048 329 2088 hominem
367 2054 518 2086 tanturn
557 2047 744 2086 excellere
776 2046 924 2093 ceteris,
959 2045 1068 2085 cuius
1100 2046 1274 2097 legiones
1304 2046 1359 2086 sic
1392 2047 1431 2085 in
1452 2068 1484 2093 ,ο

131 2111 264 2150 Asiam
286 2110 541 2160 pervenerint,
561 2117 604 2148 ut
622 2122 703 2148 non
722 2110 843 2157 modo
870 2121 1009 2148 manus
1026 2109 1122 2149 tanti
1141 2107 1342 2155 exercitus,
1362 2110 1431 2148 sed

132 2187 183 2214 ne
214 2173 416 2223 vestigium
448 2172 606 2223 quidem
644 2171 826 2222 cuiquam
862 2179 1002 2223 paoeto
1038 2171 1217 2211 nocuisse
1253 2171 1432 2212 dicatur?

134 2238 218 2276 Iam
259 2249 349 2275 vero
391 2248 504 2286 quem
548 2236 599 2274 ad
644 2237 805 2274 modum
848 2235 989 2276 milites
1034 2235 1250 2283 hibernent,
1288 2234 1432 2277 cotidie
