1534 2444
72 51 206 123 *xm
229 80 296 135 36]
358 83 446 120 DE
482 81 750 120 IMPERIO
791 80 879 119 CN.
920 78 1167 117 POMPEI.
1383 87 1428 124 13

100 187 155 227 rei
182 186 364 238 publicae
391 198 540 236 querar,
562 196 652 223 cum
678 197 801 234 prope
824 182 1136 234 inspectantibus
1156 181 1269 221 vobis
1296 179 1431 220 classis

101 266 159 302 ea,
194 254 257 292 cui
289 252 428 291 consul
461 244 600 301 populi
636 249 807 288 Romani
838 248 1086 303 praepositus
1119 254 1232 296 esset,
1268 260 1292 285 a
1324 258 1432 296 prae-

102 318 277 358 donibus
310 325 425 369 capta
461 324 581 366 atque
618 328 808 366 oppressa
838 288 993 353 esti(
982 315 1058 352 Pro
1090 313 1130 351 di
1164 312 1429 351 immortales!

102 390 301 446 tantamne
334 381 448 421 unius
482 380 652 421 hominis
681 378 920 419 incredibilis
954 392 1001 417 ac
1032 378 1167 418 divina
1196 377 1313 417 virtus
1349 386 1430 416 tam

69 470 82 494 ⁵
102 447 208 487 brevi
228 455 404 497 tempore
423 447 551 485 lucem
572 446 723 484 adferre
749 444 803 483 rei
830 443 1012 494 publicae
1038 443 1178 493 potuit,
1200 452 1243 481 ut
1262 455 1344 489 vos,
1365 441 1432 492 qui

101 514 223 552 modo
255 520 346 551 ante
377 506 520 551 ostium
554 509 784 550 Tiberinum
819 510 983 549 classem
1018 509 1190 549 hostium
1225 509 1430 555 videbatis,

102 592 206 617 nunc
232 579 313 617 null
408 577 508 616 intra
539 575 690 616 Oceani
719 574 863 614 ostium
894 576 1142 625 praedonum
1169 587 1312 613 navem
1345 587 1431 613 esse

103 643 303 682 audiatis?
354 644 486 692 Atque
506 643 603 680 haec
623 655 701 691 qua
721 640 919 679 celeritate
943 647 1052 690 gesta
1079 639 1167 687 sint,
1190 652 1432 690 quamquam
1450 644 1503 682 34

103 708 253 754 videtis,
288 716 420 747 tamen
452 721 476 745 a
509 720 572 746 me
610 706 650 744 in
683 706 854 745 dicendo
887 706 1172 756 praetereunda
1208 719 1289 745 non
1328 712 1462 771 suntz

55 797 83 813 ιο
102 774 202 824 Quis
230 773 334 813 enim
365 785 550 823 umquam
579 780 647 810 aut
676 770 851 810 obeundi
881 770 1029 821 negotii
1061 779 1129 810 aut
1162 727 1468 822 consequendi!

104 846 288 888 quaestus
320 837 451 876 studio
480 844 559 876 tam
589 836 696 875 brevi
726 842 906 886 tempore
935 843 992 874 tot
1026 836 1114 875 loca
1146 835 1267 882 adire,
1302 842 1432 874 tantos

104 910 239 942 cursus
267 903 461 941 conficere
489 901 629 952 potuit,
659 914 779 951 quam
808 900 986 940 celeriter
1014 901 1089 941 Cn.
1112 901 1303 951 Pompeio
1331 901 1433 939 duce

106 967 205 1007 tanti·
231 967 323 1006 belli
351 968 522 1017 impetus
551 965 778 1015 navigavit?
814 965 882 1014 qui
912 966 1093 1004 nondum
1118 964 1354 1016 tempestivo
1381 965 1433 1004 ad

105 1027 370 1083 navigandum
417 1031 513 1070 mari
551 1030 722 1070 Siciliam
761 1031 869 1078 adiit,
909 1031 1081 1070 Africam
1130 1031 1354 1082 exploravit,
1392 1030 1432 1070 in

53 1119 83 1142 ις,
103 1097 320 1137 Sardiniam
359 1110 450 1136 cum
488 1097 612 1135 classe
642 1095 748 1135 venit
785 1104 903 1146 atque
937 1097 1035 1135 haec
1072 1096 1144 1135 tria
1181 1096 1434 1136 frumentaria

103 1162 278 1202 subsidia
314 1162 368 1201 rei
410 1161 591 1212 publicae
638 1161 865 1199 firmissimis
912 1161 1115 1211 praesidiis
1162 1162 1433 1213 classibusque

105 1226 279 1265 munivit.
339 1227 440 1265 Inde
459 1238 549 1264 cum
570 1238 612 1264 se
631 1226 671 1263 in
694 1225 848 1264 Italiam
869 1227 1089 1278 recepisset,
1112 1228 1266 1267 duabus
1288 1228 1433 1279 Hispa·
1453 1235 1502 1273 35

105 1291 179 1330 niis
205 1300 244 1331 et
270 1291 400 1330 Gallia
425 1289 683 1340 Transalpina
707 1291 912 1340 praesidiis
939 1305 985 1330 ac
1006 1294 1171 1331 navibus
1191 1294 1433 1340 confirmata,

105 1355 233 1395 missis
252 1357 346 1395 item
366 1355 406 1393 in
427 1368 536 1394 oram
558 1355 701 1405 Illyrici
722 1355 838 1394 maris
864 1364 901 1395 et
921 1356 961 1394 in
981 1357 1173 1396 Achaiam
1194 1371 1435 1409 omnemque

54 1443 86 1461 πο
105 1420 311 1460 Graeciam
357 1420 524 1458 navibus
572 1419 711 1458 Italiae
749 1421 830 1459 duo
868 1421 989 1460 maria
1028 1421 1207 1461 maximis
1244 1421 1511 1462 classibuss‘w‘

107 1485 414 1535 firmissimisque
433 1483 636 1535 praesidiis
656 1485 872 1542 adornavit,
895 1486 979 1536 ipse
1004 1494 1136 1527 autem
1162 1496 1204 1527 ut
1224 1488 1434 1527 Brundisio
1502 1473 1505 1486 ἱ

107 1552 303 1601 profectus
333 1557 403 1596 est,
424 1549 867 1600 undequinquagesimo
901 1551 966 1590 die
995 1559 1117 1591 totam
1146 1554 1198 1592 ad
1227 1553 1433 1605 imperium

107 1614 244 1666 populi
265 1614 439 1653 Romani
459 1614 638 1655 Ciliciam
664 1614 867 1662 adiunxit3
895 1629 1046 1661 omnes,
1066 1617 1135 1666 qui
1160 1618 1306 1668 ubique
1329 1633 1435 1670 prae—

108 1680 232 1718 dones
250 1680 417 1726 fuerunt,
438 1679 577 1729 partim
599 1679 704 1729 capti
727 1679 999 1730 interfectique
1029 1690 1132 1728 sunt,
1153 1683 1294 1732 partim
1321 1684 1435 1723 unius

56 1766 87 1791 ας
106 1746 233 1785 huius·
246 1757 289 1784 se
314 1744 479 1795 imperio
506 1757 554 1782 ac
581 1745 769 1795 potestati
793 1745 1039 1785 dediderunt.
1101 1749 1215 1787 Idem
1243 1750 1437 1789 Cretensi-

31 1814 40 1817 *
109 1812 194 1858 bus,
213 1823 303 1849 cum
331 1811 382 1849 ad
407 1823 497 1849 eum
524 1823 649 1860 usque
674 1812 715 1848 in
735 1811 1007 1862 Pamphyliam
1032 1814 1182 1863 legatos
1208 1815 1437 1864 deprecato-

109 1887 251 1924 resque
283 1873 493 1921 misissent,
524 1887 634 1924 spem
668 1875 881 1914 deditionis
910 1890 992 1915 non
1021 1877 1169 1917 ademit
1197 1879 1435 1931 obsidesque

111 1938 325 1989 imperavit.
385 1940 448 1977 Ita
471 1946 623 1977 tantum
651 1941 808 1987 bellum,
830 1948 912 1979 tam
939 1940 1182 1990 diuturnum,
1209 1953 1290 1983 tarn
1319 1947 1436 1997 longe

109 2005 266 2053 lateque
298 2002 530 2053 dispersum,
566 2016 646 2053 quo
679 2004 783 2043 bello
803 2018 959 2062 *omnes
996 2015 1135 2057 gentes
1172 2022 1219 2047 ac
1257 2009 1436 2050 nationes

58 2090 92 2114 30
108 2069 396 2120 premebantur,
446 2068 519 2108 Cn.
568 2069 783 2118 Pompeius
830 2078 1002 2109 extrema
1046 2073 1186 2123 hieme„
1222 2076 1433 2124 apparavit,

110 2133 271 2173 ineunte
298 2146 387 2173 vere
415 2133 598 2183 suscepit,
627 2134 758 2173 media
783 2142 929 2174 aestate
957 2137 1136 2176 confecit.
1159 2125 1175 2158 7?

192 2199 312 2236 XIII.
377 2199 446 2236 Est
484 2198 582 2236 haec
619 2199 751 2238 divina
782 2206 901 2250 atque
938 2201 1178 2242 incredibilis
1214 2204 1336 2243 virtus
1366 2206 1437 2245 im·
1454 2212 1503 2250 36

112 2263 310 2315 peratoris.
368 2262 506 2312 Quid?
533 2270 697 2311 ceterae,
728 2277 824 2314 quas
858 2267 976 2316 paulo
1009 2276 1100 2307 ante
1128 2281 1437 2311 commemorare
