1534 2444
102 106 247 146 XVIII
271 101 340 156 54]
397 102 486 141 DE
522 98 788 138 IMPERIO
830 97 917 137 CN.
959 95 1206 134 POMPEI.
1387 103 1433 141 19

103 209 238 250 vestris
264 206 464 248 beneficiis
489 203 741 256 amplissimis
767 204 958 250 adfectus,
984 202 1032 251 Q.
1055 200 1232 246 Catulus,
1258 199 1433 246 itemque

105 274 266 314 summis
292 271 533 313 ornamentis
559 269 731 316 honoris,
754 270 944 313 fortunae,
965 265 1129 313 virtutis,
1153 263 1301 315 ingenii
1326 275 1434 313 prae-

106 339 223 386 ditus,
244 340 293 388 Q.
318 336 566 382 Hortensius,
592 337 642 374 ab
669 337 743 374 hac
769 334 922 374 ratione
948 332 1196 372 dissentiunt.
1254 331 1432 380 Quorum

107 418 181 456 ego
209 402 479 444 auctoritatem
508 403 618 452 apud
647 414 717 440 vos
747 399 878 439 multis
908 398 1005 438 locis
1031 397 1242 449 plurimum
1268 394 1435 434 valuisse

71 491 86 516 ⁵
106 478 146 510 et
182 471 312 509 valere
350 476 530 519 oportere
568 468 784 514 confiteor;
822 466 892 505 sed
930 464 971 502 in
1009 465 1082 503 hac
1115 475 1245 510 causa,
1282 458 1435 500 tametsi

106 534 354 586 cognoscetis
390 531 643 572 auctoritates
681 530 895 570 contrarias
933 530 1101 568 virorum
1134 526 1434 567 fortissimorum

107 608 147 640 et
176 599 492 645 clarissimorum,
524 605 654 637 tamen
690 595 845 636 omissis
875 594 1173 635 auctoritatibus
1206 592 1291 643 ipsa
1319 605 1359 630 re
1387 603 1435 629 ac

109 664 261 704 ratione
290 663 493 714 exquirere
524 674 734 712 possumus
765 661 979 707 veritatem,
1010 667 1128 708 atque
1162 659 1239 696 hoc
1270 655 1432 702 facilius,

88 728 219 783 *quod
238 741 284 767 ea
303 727 446 773 omnia,
468 739 570 776 quae
590 739 613 764 a
633 738 696 764 me
723 725 853 764 adhuc
878 724 984 763 dicta
1009 731 1110 769 sunt,
1132 722 1237 761 idern
1264 721 1326 759 isti
1345 733 1437 759 vera

58 814 89 831 ιο
109 806 193 832 esse
226 793 463 838 concedunt,
495 798 534 830 et
567 791 832 830 necessarium
867 790 1013 829 bellurn
1053 801 1139 828 esse
1173 795 1211 827 et
1249 798 1435 836 magnum

110 863 148 893 et
173 854 214 893 in
242 867 324 894 uno
355 856 428 894 Cn.
456 852 649 903 Pompeio
679 866 834 892 summa
864 865 950 891 esse
981 851 1126 891 omnia.
1180 849 1293 901 ‘Quid
1323 849 1437 900 igitur
1456 853 1505 892 52

111 919 164 958 ait
186 919 454 959 Hortensius?
510 918 549 958 Si
569 918 635 957 uni
663 917 796 956 omnia
822 917 1029 956 tribuenda
1054 916 1143 963 sint,
1163 913 1436 966 dignissimum

112 997 196 1023 esse
236 984 479 1035 Pompeium,
512 985 583 1023 sed
615 984 666 1022 ad
705 996 826 1022 unum
859 991 992 1022 tamen
1022 981 1156 1021 omnia
1186 980 1327 1020 deferri
1356 993 1438 1019 non

112 1057 302 1098 oportere.
364 1047 571 1088 Obsolevit
596 1048 675 1086 iam
702 1047 775 1087 ista
798 1049 934 1094 oratio,
956 1060 997 1086 re
1023 1048 1148 1085 multo
1176 1044 1298 1095 magis
1317 1057 1437 1094 quam

61 1133 90 1157 ις
108 1112 236 1152 verbis
255 1114 433 1152 refutata.
494 1115 596 1152 Nam
619 1121 661 1151 tu
688 1114 804 1160 idem,
828 1114 877 1162 Q.
903 1111 1106 1159 Hortensi,
1129 1112 1252 1149 multa
1278 1123 1349 1161 pro
1373 1118 1438 1148 tua

111 1189 264 1216 summa
296 1178 412 1227 eopia
444 1191 491 1216 ac
524 1176 708 1227 singulari
742 1178 926 1215 facultate
959 1175 1119 1215 dicendi
1152 1183 1192 1214 et
1225 1175 1266 1213 in
1299 1183 1438 1214 senatu

112 1250 249 1281 contra
291 1241 413 1280 virum
459 1243 611 1290 fortem,
652 1243 699 1280 A.
740 1240 967 1289 Gabinium,
1012 1240 1180 1291 graviter
1222 1248 1438 1290 ornateque

112 1305 253 1355 dixisti,
283 1319 374 1346 curn
405 1307 437 1344 is
470 1307 521 1345 de
554 1319 634 1344 uno
665 1306 901 1356 imperatore
931 1314 1069 1345 contra
1096 1306 1318 1356 praedones
1347 1319 1439 1345 con-

114 1370 313 1411 stituendo
331 1373 459 1423 legem
478 1373 774 1422 promulgasset,
797 1380 835 1410 et
861 1385 908 1410 ex
928 1372 1004 1410 hoc
1023 1371 1111 1421 ipso
1138 1373 1227 1411 loco
1246 1373 1440 1422 permulta

62 1456 94 1473 20
111 1434 204 1474 item
225 1444 360 1475 contra
380 1450 468 1475 eam
482 1437 616 1487 ,legem
636 1437 755 1475 verba
775 1436 910 1476 fecisti.
970 1436 1107 1485 Quid?
1136 1444 1232 1483 tum,
1254 1450 1323 1487 per
1342 1437 1438 1476 deos
1459 1441 1507 1479 53

114 1500 363 1550 immortales,
386 1501 417 1540 si
442 1502 532 1552 plus
551 1502 657 1552 apud
677 1503 868 1552 populum
896 1503 1122 1540 Romanum
1142 1502 1353 1541 auctoritas
1373 1510 1440 1541 tua

114 1579 232 1616 quam
260 1565 382 1616 ipsius
411 1566 547 1618 populi
576 1566 750 1606 Romani
779 1568 883 1606 salus
909 1575 949 1606 et
976 1581 1067 1606 vera
1095 1581 1215 1607 causa
1242 1568 1438 1616 valuisset,

114 1629 232 1669 hodie
258 1631 361 1670 hanc
384 1630 547 1680 gloriam
573 1639 692 1681 atque
718 1632 796 1671 hoc
822 1632 926 1671 orbis
953 1640 1076 1672 terrae
1103 1632 1311 1683 imperium
1333 1641 1436 1672 tene-

114 1697 271 1735 remus?
326 1699 389 1734 An
422 1695 491 1735 tibi
522 1704 605 1734 tum
639 1696 844 1747 imperium
876 1698 953 1736 hoc
986 1710 1072 1736 esse
1102 1698 1318 1745 videbatur,
1349 1711 1438 1737 curn

62 1780 94 1805 ²5
111 1760 250 1812 populi
270 1762 443 1800 Romani
462 1761 590 1812 legati,
612 1770 840 1811 quaestores
866 1770 1144 1812 praetoresque
1171 1763 1439 1812 capiebantur,

116 1838 205 1865 curn
231 1839 280 1864 ex
298 1825 481 1864 omnibus
506 1825 714 1876 provinciis
733 1836 957 1865 commeatu
984 1836 1022 1866 et
1044 1828 1195 1877 privato
1215 1835 1253 1866 et
1279 1828 1441 1877 publico

118 1890 431 1940 prohibebamur,
453 1904 543 1930 curn
574 1893 627 1929 ita
653 1893 785 1929 clausa
810 1891 926 1929 nobis
952 1900 1062 1931 erant
1088 1892 1209 1930 maria
1231 1892 1441 1938 omnia‚.ut

117 1967 246 2005 neque
282 1954 472 2005 privatam
509 1968 591 1993 rem
629 1955 926 1994 transmarinam
964 1970 1093 2006 neque
1132 1956 1330 2006 publicam
1363 1956 1441 1995 iam

117 2018 226 2058 obire
254 2021 491 2069 possemus?
831 2071 836 2075 1

71 2103 106 2128 30
187 2084 347 2122 XVIII.
409 2084 523 2132 Quae
561 2083 701 2122 civitas
738 2092 857 2123 antea
894 2098 1084 2135 umquam
1122 2085 1194 2125 fuit
1232 2100 1312 2126 non
1350 2087 1443 2127 dico
1462 2091 1512 2131 54

117 2147 431 2196 Atheniensium,
473 2161 573 2198 quae
618 2147 712 2187 satis
757 2150 835 2188 late
872 2150 1074 2199 quondam
1119 2164 1227 2190 mare
1270 2153 1443 2192 tenuisse

116 2211 268 2258 dicitur,
307 2225 388 2251 non
426 2212 821 2263 Carthaginiensium,
861 2213 928 2263 qui
966 2216 1202 2264 permultum
1240 2217 1364 2257 classe
1397 2231 1445 2256 ac

118 2276 321 2317 maritimis
345 2279 462 2318 rebus
487 2280 704 2326 valuerunt,
734 2291 816 2317 non
843 2280 1104 2328 Rhodiorum,
1126 2294 1292 2332 quorum
1321 2296 1445 2333 usque

1232 2370 1334 2397 2--2
