1534 2444
139 123 185 158 26
276 122 364 159 DE
401 121 665 159 IMPERIO
708 121 792 160 CN.
831 121 1077 160 POMPEI.
1135 120 1292 174 [XXIV
1312 134 1371 173 70,
1395 135 1440 172 71

68 228 118 265 70
136 223 291 270 defer03
316 210 529 273 'testorque
566 236 705 263 omnes
735 225 844 271 deos,
876 232 915 263 et
948 237 1016 263 eos
1050 224 1228 270 maxime,
1259 225 1326 275 qui
1356 225 1445 265 huic

138 289 225 325 loco
245 287 470 337 temploque
491 286 725 337 praesident,
746 286 814 337 qui
833 287 1010 326 omnium
1032 296 1183 327 mentes
1209 301 1357 336 eorum,
1378 290 1445 339 qui

137 351 188 388 ad
224 362 303 388 rem
342 349 536 399 publicam
578 350 738 398 adeunt,
777 349 946 389 maxime
983 351 1231 401 perspiciunt,
1270 364 1333 390 me
1369 352 1447 391 hoc

139 426 265 463 neque
301 421 436 463 rogatu
473 415 599 452 facere
629 412 872 463 cuiusquam,
903 426 1032 463 neque
1061 427 1141 464 quo
1171 416 1244 455 Cn.
1282 417 1446 466 Pompei

139 478 299 528 gratiam
320 477 414 516 mihi
433 491 501 528 per
519 478 621 516 hanc
640 490 797 516 causam
823 477 1022 516 conciliari
1051 486 1199 527 putem,
1221 491 1349 528 neque
1368 492 1449 529 quo

141 541 235 580 mihi
261 554 308 580 ex
333 541 560 590 cuiusquam
586 540 843 590 amplitudine
872 548 939 579 aut
962 540 1153 591 praesidia
1180 541 1359 591 periculis
1382 550 1447 581 aut

141 605 367 645 adiumenta
403 605 615 644 honoribus
651 617 846 654 quaeram,
885 612 1092 654 propterea
1128 606 1234 654 quod
1277 595 1450 659 pericula

142 669 264 716 facile,
295 677 337 707 ut
367 662 567 707 hominem
596 674 792 717 praestare
820 674 988 717 oportet,
1021 667 1246 707 innocentia
1270 669 1360 707 tecti
1390 681 1448 708 re·

143 736 344 784 pellemus,
365 734 555 771 honorem
575 739 706 770 autem
727 744 855 781 neque
873 732 924 770 ab
943 744 1022 770 uno
1043 745 1171 782 neque
1189 745 1237 771 ex
1255 734 1331 771 hoc
1349 733 1448 780 loeo,

143 800 212 837 sed
232 799 371 837 eadem
390 797 455 835 illa
481 804 612 835 nostra
639 795 944 834 laboriosissima
971 795 1122 835 ratione
1142 795 1255 843 vitae,
1276 795 1307 835 si
1326 804 1452 836 vestra
1473 818 1484 834 ι

80 868 126 906 71
144 863 324 900 voluntas
352 861 458 907 feret,
486 872 781 909 consequemur.
840 859 971 907 Quam
1000 861 1053 899 ob
1079 872 1172 906 rem,
1195 859 1383 910 quicquid
1410 860 1449 899 in

144 928 216 965 hac
235 938 352 963 causa
370 924 464 962 mihi
483 931 704 973 susceptum
727 931 797 971 est,
821 922 1005 972 Quirites,
1026 923 1066 962 id
1086 936 1160 974 ego
1179 936 1296 963 omne
1316 937 1378 963 me
1396 923 1451 963 rei

146 988 323 1040 publicae
361 1000 479 1027 causa
508 986 724 1036 suscepisse
755 987 958 1033 confirmo,
993 994 1223 1036 tantumque
1253 988 1374 1035 abest,
1409 994 1451 1026 ut

145 1053 314 1103 aliquam
345 1051 439 1090 mihi
468 1052 612 1090 bonam
646 1050 806 1101 gratiam
837 1051 1032 1100 quaesisse
1063 1050 1208 1097 videar,
1237 1059 1281 1090 ut
1310 1052 1450 1090 multas

146 1130 208 1155 me
238 1115 354 1155 etiam
392 1114 606 1154 simultates
644 1114 784 1165 partim
818 1115 1015 1161 obscuras,
1048 1114 1188 1164 partim
1218 1123 1371 1165 apertas
1401 1116 1452 1152 in-

146 1181 325 1230 tellegam
347 1178 440 1216 mihi
459 1191 538 1217 non
560 1178 806 1222 necessarias,
821 1177 932 1217 vobis
951 1190 1030 1216 non
1050 1177 1204 1216 inutiles
1223 1177 1450 1227 suscepisse.

147 1245 226 1284 Sed
251 1255 325 1293 ego
350 1255 413 1281 me
436 1243 512 1281 hoc
535 1242 686 1281 honore
711 1242 943 1292 praeditum,
965 1241 1082 1280 tantis
1100 1241 1235 1280 vestris
1254 1242 1451 1281 beneficiis

147 1309 343 1347 adfectum
364 1304 492 1353 statui,
506 1304 689 1354 Quirites,
705 1313 871 1344 vestram
888 1306 1127 1344 voluntatem
1142 1312 1181 1343 et
1199 1304 1252 1343 rei
1272 1305 1451 1355 publicae

149 1371 376 1422 dignitatem
402 1378 440 1409 et
471 1370 633 1408 salutem
664 1369 947 1419 provinciarum
981 1377 1098 1418 atque
1131 1369 1323 1407 sociorum
1353 1368 1450 1407 meis

149 1435 332 1475 omnibus
350 1433 569 1472 commodis
588 1440 626 1472 et
645 1432 857 1472 rationibus
876 1433 1066 1482 praeferre
1084 1439 1273 1482 oportere.
