1534 2444
135 128 182 162 ²4
379 118 466 155 DE
501 119 764 159 IMPERIO
804 121 891 160 CN.
931 122 1172 161 POMPEI.
1229 122 1439 176 [XX1164

131 232 290 270 quoque
307 220 468 260 virtutes
486 221 605 261 animi
626 236 790 274 magnae
809 231 848 264 et
867 226 1012 265 multae
1031 226 1288 276 requiruntur.
1333 229 1439 268 Diffi·

131 284 204 322 cile
219 291 281 322 est
300 284 340 322 in
357 284 460 333 Asia,
478 285 626 333 Cilicia,
644 286 753 337 Syria
766 287 972 338 regnisque
990 288 1215 328 interiorum
1234 290 1437 331 nationum

130 346 183 385 ita
201 347 341 386 versari
361 357 534 387 nostrum
555 349 840 400 imperatorem,
862 359 904 391 ut
924 352 1018 391 nihil
1038 353 1145 393 aliud
1165 354 1239 393 nisi
1257 356 1307 394 de
1327 357 1438 396 hoste

129 424 176 449 ac
195 411 246 450 de
265 412 380 451 laude
399 412 554 462 cogitet.
613 413 778 462 Deinde,
800 414 916 454 etiam
942 415 974 455 si
1000 417 1067 467 qui
1096 427 1186 457 sunt
1214 419 1365 468 pudore
1392 433 1439 459 ac

130 475 385 525 temperantia
427 477 716 526 moderatiores,
756 487 887 519 tamen
924 493 992 520 eos
1029 494 1114 521 esse
1151 484 1247 522 tales
1284 492 1442 535 propter
1461 506 1474 530 5

65 542 111 581 65
130 538 417 579 multitudinem
437 540 669 591 cupidorum
690 543 892 582 hominum
917 558 1034 585 nemo
1059 545 1273 585 arbitratur.
1332 549 1438 587 Diffi-

130 603 202 643 cile
229 612 286 643 est
313 604 432 652 dictu,
455 604 638 654 Quirites,
658 615 806 656 quanto
832 608 872 646 in
899 609 993 648 odio
1019 610 1139 648 simus
1165 611 1270 660 apud
1290 619 1437 650 exteras

131 668 308 706 nationes
336 675 493 717 propter
521 681 668 717 eorum,
696 683 795 719 quos
823 672 874 709 ad
903 684 970 710 eas
998 685 1067 722 per
1094 673 1166 712 hos
1194 685 1320 712 annos
1348 687 1436 713 cum

130 729 292 780 imperio
318 730 507 778 misimus,
527 731 708 771 libidines
734 741 773 772 et
797 733 966 774 iniurias.
1025 735 1144 784 Quod
1173 735 1276 775 enim
1305 738 1436 776 fanum

129 794 272 845 putatis
298 795 337 834 in
363 795 437 833 illis
464 795 571 834 terris
597 797 738 836 nostris
764 799 1050 849 magistratibus
1069 799 1302 850 religiosum,
1322 814 1439 851 quam
1462 823 1492 841 ιο

129 859 323 899 civitatem
344 866 531 906 sanctam,
552 873 670 910 quam
690 862 853 901 domum
880 862 972 902 satis
991 864 1164 902 clausam
1182 877 1230 903 ac
1249 865 1438 904 munitam

130 923 275 962 fuisse?
330 924 458 963 Urbes
495 923 572 962 iam
610 925 826 975 locupletes
869 934 908 966 et
954 927 1137 978 copiosae
1183 929 1437 978 requiruntur,

130 988 270 1038 quibus
295 1001 411 1027 causa
436 989 528 1027 belli
555 997 712 1039 propter
737 989 946 1040 diripiendi
969 991 1223 1042 cupiditatem
1244 992 1436 1033 inseratur.

65 1056 112 1093 66
132 1052 315 1092 Libenter
333 1053 430 1091 haec
449 1065 579 1091 coram
606 1066 695 1092 cum
724 1054 773 1103 Q.
795 1055 938 1095 Catulo
957 1063 996 1095 et
1015 1056 1064 1105 Q.
1089 1056 1314 1103 Hortensio,
1335 1070 1437 1096 sum-

130 1116 204 1155 mis
218 1124 258 1155 et
276 1116 495 1155 clarissimis
515 1116 615 1162 viris,
637 1117 873 1167 disputarem
883 1134 893 1167 3
912 1127 1104 1159 noverunt
1123 1119 1225 1159 enim
1245 1121 1439 1160 sociorum
1461 1143 1493 1167 ις

129 1181 297 1227 vulnera,
335 1179 468 1219 vident
505 1193 639 1219 eorum
677 1181 926 1230 calamitates,
965 1183 1225 1233 querimonias
1262 1184 1435 1223 audiunt.

130 1246 205 1283 Pro
233 1244 350 1284 sociis
378 1257 448 1284 vos
476 1252 612 1284 contra
640 1246 771 1284 hostes
799 1245 1008 1285 exercitum
1037 1246 1190 1286 mittere
1218 1248 1361 1298 putatis
1388 1261 1438 1286 an

130 1308 300 1348 hostium
334 1307 582 1348 simulatione
614 1317 749 1348 contra
781 1309 908 1348 socios
940 1316 1060 1360 atque
1096 1310 1271 1350 amicos?
1326 1312 1438 1361 Quae

130 1372 264 1411 civitas
289 1379 347 1411 est
372 1371 411 1410 in
438 1372 542 1419 Asia,
564 1386 664 1422 quae
692 1386 773 1412 non
802 1373 921 1412 modo
949 1372 1190 1424 imperatoris
1217 1384 1282 1414 aut
1310 1376 1438 1426 legati,

131 1438 201 1476 sed
219 1435 336 1481 unius>
351 1436 495 1475 tribuni
520 1436 685 1476 militum
711 1437 863 1476 animos
888 1450 934 1477 ac
960 1438 1113 1488 spiritus
1132 1452 1270 1489 capere
1288 1440 1441 1489 possit?
1459 1461 1492 1478 ω

130 1501 315 1541 ΧΧΙΙΙ.;
347 1501 490 1550 Quare,
513 1501 629 1540 etiam
660 1501 690 1540 si
720 1514 835 1551 quem
866 1502 1027 1550 habetis,
1050 1505 1116 1553 qui
1144 1504 1295 1543 collatis
1322 1503 1440 1554 signis

131 1547 319 1606 exercitusi
352 1565 478 1615 regios
511 1578 690 1616 superare
721 1578 836 1615 posse
869 1565 1054 1614 videatur,
1089 1574 1230 1614 tamen,
1264 1567 1336 1606 nisi
1369 1567 1440 1607 erit

131 1630 247 1676 idem,
269 1628 336 1679 qui
355 1642 396 1668 se
415 1642 438 1667 a
457 1630 633 1679 pecuniis
652 1630 858 1677 sociorum,
881 1631 947 1679 qui
973 1631 1023 1668 ab
1049 1643 1182 1669 eorum
1210 1631 1438 1682 coniugibus

130 1706 176 1732 ac
194 1692 336 1742 liberis,
359 1693 426 1743 qui
445 1694 495 1732 ab
515 1693 754 1732 ornamentis
774 1694 948 1732 fanorum
969 1702 1085 1744 atque
1104 1695 1352 1746 oppidorum,
1372 1696 1439 1746 qui

130 1758 180 1796 ab
212 1770 306 1796 auro
337 1770 510 1808 gazaque
547 1757 652 1808 regia
684 1770 835 1804 manus,
870 1759 1019 1805 oculos,
1051 1758 1226 1798 animum
1259 1759 1441 1799 cohibere
1461 1781 1493 1805 ας,

130 1822 264 1873 possit,
281 1835 362 1860 non
377 1821 447 1861 erit
467 1822 645 1869 idoneus,
662 1821 728 1871 qui
747 1822 797 1860 ad
817 1822 963 1860 bellum
979 1823 1193 1862 Asiaticum
1212 1824 1438 1874 regiumque

63 1889 112 1927 67
130 1886 313 1925 mittatur.
371 1887 547 1935 Ecquam
575 1884 718 1936 putatis
746 1884 943 1924 civitatem
972 1894 1153 1936 pacatam
1181 1886 1309 1933 fuisse,
1339 1900 1440 1938 quae

130 1951 306 2000 locuples
324 1948 383 1997 sit,
404 1963 570 1999 ecquam
596 1962 681 1989 esse
706 1950 955 1999 locupletem,
977 1963 1079 2000 quae
1097 1950 1179 1989 istis
1197 1959 1337 2002 pacata
1354 1964 1440 1991 esse

131 2013 335 2053 videatur?
393 2014 474 2053 Ora
511 2013 713 2060 maritima,
753 2012 935 2062 Quirites,
975 2015 1047 2054 Cn.
1090 2015 1320 2064 Pompeium
1358 2028 1438 2055 non

132 2078 256 2115 solum
277 2084 435 2127 propter
452 2077 507 2116 rei
526 2077 701 2115 militaris
719 2076 894 2127 gloriam,
916 2078 985 2116 sed
1010 2077 1127 2117 etiam
1147 2085 1307 2128 propter
1323 2077 1440 2117 animi
1462 2099 1494 2123 30

131 2140 414 2180 continentiam
429 2139 636 2190 requisivit.
685 2140 858 2180 Videbat
875 2140 980 2180 enim
998 2148 1195 2191 praetores
1213 2142 1438 2192 locupletari

132 2203 342 2255 quotannis
367 2204 533 2254 pecunia
558 2203 714 2254 publica
739 2212 890 2254 praeter
908 2217 1064 2255 paucoS,
1086 2217 1215 2255 neque
1238 2217 1313 2244 nos
1335 2205 1441 2255 quic·

132 2280 250 2319 quam
278 2266 384 2307 aliud
412 2266 574 2318 adsequi
603 2267 784 2306 classium
813 2267 984 2315 nomine,
1016 2268 1090 2307 nisi
1121 2276 1166 2307 ut
1198 2268 1440 2309 detrimentis
