1534 2444
145 98 190 133 18
393 93 480 133 DE
514 94 777 134 IMPERIO
818 94 902 133 CM
941 94 1181 134 POMPEI.
1247 94 1361 148 [XVI
1382 106 1428 141 47

141 196 434 246 amplitudinem
450 204 487 235 et
506 197 556 234 ad
575 197 734 246 gloriam
754 204 792 235 et
810 197 862 235 ad
876 209 936 235 res
955 209 1114 246 magnas
1130 199 1230 236 bene
1244 197 1432 246 gerendas

141 260 324 300 divinitus
360 261 542 299 adiuncta
570 261 733 298 fortuna.
790 261 852 299 De
883 260 998 299 huius
1025 267 1155 299 autem
1185 259 1353 298 hominis
1383 260 1433 298 se·

141 324 295 379 licitate,
316 325 365 363 de
384 336 462 374 quo
481 336 586 362 nunc
604 322 762 372 agimus,
783 323 854 361 hac
874 331 957 362 utar
981 322 1246 362 moderatione
1265 321 1433 368 dicendi,

143 401 221 427 non
241 396 283 426 ut
302 388 342 426 in
361 386 462 425 illius
480 393 671 436 potestate
690 387 880 424 fortunam
906 385 1072 436 positam
1097 398 1180 425 esse
1205 386 1345 431 dicam,
1365 384 1435 423 sed

143 459 186 490 ut
210 451 413 501 praeterita
442 449 682 519 meminisse,X
700 448 846 498 reliqua
875 461 1026 499 sperare
1056 449 1264 496 videamur,
1292 461 1341 487 ne
1370 455 1435 487 aut
1453 467 1469 492 ς

143 514 264 553 invisa
305 515 365 552 dis
409 512 702 551 immortalibus
735 512 857 551 oratio
902 520 1032 551 nostra
1066 520 1133 550 aut
1169 511 1316 561 ingrata
1351 524 1434 550 esse

76 579 126 618 48
144 577 325 617 videatur.
383 579 520 626 Itaque
542 588 622 615 non
649 588 735 614 sum
765 576 1063 625 praedicaturus,
1089 582 1254 624 quantas
1284 575 1347 614 ille
1376 587 1436 613 res

143 640 250 680 domi
268 640 438 686 militiae,
455 649 552 679 terra
567 640 751 689 marique,
771 646 993 688 quantaque
1011 638 1191 677 felicitate
1209 638 1379 688 gesserit,
1395 645 1437 676 ut

142 704 224 743 eius
243 717 397 754 semper
416 703 679 743 voluntatibus
699 715 778 741 non
798 702 917 741 modo
942 701 1046 740 cives
1071 701 1322 747 adsenserint‚
1343 700 1436 740 socii

143 768 455 819 obtemperarint,
474 768 605 805 hostes
623 746 878 821 obdedierint,
893 766 962 804 sed
981 765 1096 804 etiam
1116 765 1219 804 venti
1239 772 1440 814 tempesta·
1460 785 1491 803 ιο

143 839 278 881 tesque
314 829 614 870 obsecundarint
627 842 638 876 3
679 823 759 868 ‘hoc
804 828 1027 867 brevissime
1063 828 1203 875 dicam,
1242 827 1436 867 neminem

144 907 328 943 umquam
354 902 433 932 tam
462 858 728 943 impudenteXn
755 891 883 939 fuisse,
904 891 969 941 qui
994 891 1044 930 ab
1071 890 1131 929 dis
1160 890 1439 930 immortalibus

145 966 202 997 tot
220 966 260 998 et
283 966 411 997 tantas
434 970 494 996 res
520 957 656 996 tacitus
682 957 841 995 auderet
863 963 1006 1007 optare,
1027 963 1123 1005 quot
1147 963 1186 994 et
1211 963 1375 1004 quantas
1399 955 1440 994 di

144 1022 381 1061 immortales
417 1022 466 1060 ad
504 1021 576 1061 Cn.
611 1019 843 1070 Pompeium
880 1020 1109 1058 detulerunt.
1166 1019 1284 1067 Quod
1314 1027 1355 1057 ut
1387 1018 1440 1057 illi

145 1087 342 1137 proprium
363 1099 409 1125 ac
428 1093 657 1136 perpetuum
684 1085 744 1130 sit,
766 1083 945 1134 Quirites,
966 1096 1055 1121 cum
1074 1082 1293 1122 communis
1310 1077 1442 1121 salutis
1464 1104 1491 1127 15

143 1157 261 1199 atque
288 1148 447 1198 imperii,
470 1156 552 1186 tum
577 1146 698 1198 ipsius
723 1145 891 1185 hominis
908 1158 1036 1191 causa,
1057 1145 1168 1184 sicuti
1187 1145 1323 1192 facitis,
1342 1147 1440 1185 velle

145 1222 182 1253 et
202 1222 334 1263 optare
353 1210 512 1251 debetis.

78 1280 128 1319 49
224 1277 352 1326 Quare
370 1288 460 1314 cum
478 1282 519 1313 et
537 1275 680 1314 bellum
699 1273 747 1312 sit
766 1272 821 1311 ita
840 1272 1109 1319 necessarium,
1130 1280 1172 1311 ut
1191 1272 1341 1322 neglegi
1360 1285 1440 1311 non

146 1339 278 1390 possit,
307 1339 361 1378 ita
391 1351 584 1389 magnum,
615 1345 657 1376 ut
687 1336 972 1375 accuratissime
1005 1335 1052 1374 sit
1080 1335 1440 1383 administrandum,

146 1409 185 1442 et
203 1415 292 1441 cum
312 1402 346 1441 ei
367 1402 636 1451 imperatorem
657 1400 864 1450 praeficere
883 1397 1050 1449 possitis,
1071 1399 1110 1436 in
1128 1410 1207 1447 quo
1233 1397 1280 1437 sit
1304 1398 1445 1438 eximia
1462 1420 1496 1438 00

147 1464 238 1504 belli
262 1464 433 1511 scientia,
455 1462 654 1514 singularis
673 1462 802 1509 virtus,
823 1461 1032 1500 clarissima
1054 1461 1272 1508 auctoritas,
1293 1461 1443 1512 egregia

146 1529 309 1575 fortuna,
341 1527 536 1574 dubitatis,
568 1525 751 1575 Quirites,
782 1524 876 1574 quin
906 1525 982 1563 hoc
1019 1532 1167 1562 tantum
1202 1523 1305 1571 boni,
1337 1524 1442 1574 quod

146 1591 258 1630 vobis
282 1593 332 1629 ab
361 1590 421 1629 dis
450 1589 730 1629 immortalibus
758 1589 931 1627 oblatum
962 1595 1000 1626 et
1032 1588 1164 1626 datum
1198 1595 1266 1633 est,
1293 1587 1333 1625 in
1361 1601 1441 1627 rem

148 1656 345 1705 publicam
381 1654 687 1693 conservandam
724 1660 840 1701 atque
872 1651 1187 1700 amplificandam
1216 1651 1444 1690 conferatis?

83 1716 132 1755 50
150 1716 283 1754 XVII.
339 1713 491 1764 Quodsi
522 1715 673 1752 Romae
706 1714 780 1753 Cn.
810 1711 1016 1762 Pompeius
1043 1711 1212 1761 privatus
1240 1718 1341 1751 esset
1370 1712 1445 1751 hoc
1466 1734 1495 1757 .5

149 1789 334 1830 tempore,
355 1787 485 1818 tamen
511 1778 562 1816 ad
589 1785 738 1816 tantum
760 1776 904 1815 bellum
929 1774 960 1813 is
983 1782 1063 1813 erat
1082 1774 1309 1825 deligendus
1327 1782 1444 1825 atque

148 1836 384 1890 mittendus3
423 1854 528 1881 nunc
557 1853 647 1879 cum
677 1840 728 1878 ad
757 1847 904 1878 ceteras
935 1851 1105 1877 summas
1137 1837 1320 1879 utilitates
1348 1839 1444 1879 haec

149 1919 307 1957 quoque
331 1904 602 1956 opportunitas
628 1903 871 1953 adiungatur,
890 1911 932 1941 ut
956 1901 997 1940 in
1022 1902 1067 1941 iis
1095 1901 1185 1953 ipsis
1212 1902 1309 1942 locis
1332 1903 1444 1950 adsit,

149 1978 192 2010 ut
218 1971 361 2010 habeat
387 1967 609 2015 exercitum,
629 1975 671 2006 ut
698 1967 748 2005 ab
777 1966 832 2013 iis,
854 1966 921 2016 qui
948 1966 1104 2012 habent,
1123 1965 1298 2016 accipere
1316 1966 1445 2006 statim

149 2032 282 2085 possit,
299 2032 394 2083 quid
413 2032 706 2083 exspectamus?
723 2037 790 2069 aut
809 2042 876 2068 cur
893 2042 973 2068 non
991 2029 1156 2068 ducibus
1175 2030 1235 2068 dis
1254 2030 1447 2069 immorta-
1465 2052 1497 2077 30

149 2097 250 2137 libus
279 2095 418 2142 eidem,
452 2094 515 2134 cui
547 2102 674 2134 cetera
710 2106 860 2132 summa
893 2105 981 2131 cum
1018 2093 1141 2132 salute
1176 2092 1230 2131 rei
1267 2092 1446 2142 publicae

150 2158 358 2199 commissa
382 2165 482 2204 sunt,
512 2157 588 2196 hoc
610 2168 765 2206 quoque
795 2155 939 2194 bellum
964 2153 1108 2205 regium
1136 2154 1447 2195 committamus?

85 2224 133 2263 51
229 2224 282 2261 At
324 2221 426 2261 enim
466 2220 521 2259 vir
562 2218 803 2266 clarissimus,
840 2217 1125 2270 amantissimus
1166 2217 1220 2256 rei
1256 2219 1445 2269 publicae,
