1534 2444
51 401 100 439 60

60 1173 107 1211 61

119 116 165 141 22
372 105 459 143 DE
493 106 757 146 IMPERIO
798 107 884 146 CM
923 108 1166 148 POMPEI.
1261 108 1354 163 [XX
1374 123 1425 162 59

117 207 250 258 possit.
307 209 384 247 Sed
415 207 454 246 in
483 209 559 247 hoc
588 208 676 258 ipso
702 210 754 248 ab
783 222 832 249 eo
860 210 1198 251 vehementissime
1225 211 1424 260 dissentio,

118 273 237 321 quod,
269 284 348 322 quo
381 272 509 311 minus
541 280 646 312 certa
677 274 972 325 esphominum
1003 288 1050 314 ac
1083 275 1210 314 minus
1246 276 1426 316 diuturna

118 335 207 382 vita,
228 337 303 374 hoc
329 336 450 387 magis
469 350 529 376 res
555 337 722 387 publica,
743 338 837 376 dum
864 351 933 389 per
957 340 1053 379 deos
1073 339 1306 380 immortales
1325 341 1426 387 licet,

119 400 190 438 frui
211 401 330 439 debet
348 399 490 439 summi
510 400 578 440 viri
597 401 677 440 vita
700 410 819 451 atque
838 404 985 441 virtute.
1043 405 1095 441 At
1115 395 1220 443 enim'
1242 407 1252 424 ⁴
1265 417 1314 444 ne
1333 404 1427 454 quid

120 465 211 503 novi
239 466 305 503 fiat
334 473 469 504 contra
497 467 676 516 exempla
704 474 822 516 atque
859 466 1034 506 instituta
1066 468 1280 508 maiorum.'
1334 470 1427 508 Non
1449 490 1462 513 5

121 528 248 568 dicam
274 530 458 568 hocloco
487 529 652 568 maiores
677 539 830 569 nostros
859 543 1011 580 semper
1038 531 1077 570 in
1104 544 1201 582 pace
1226 540 1428 572 consuetu-

121 592 216 638 dini,
253 593 294 631 in
329 593 434 631 bello
471 593 626 632 utilitati
663 593 846 643 paruisse,
881 607 1034 645 semper
1069 595 1119 633 ad
1157 608 1281 635 novos
1316 609 1428 635 casus

123 664 342 706 temporum
377 669 568 695 novorum
605 658 856 696 consiliorum
893 658 1061 697 rationes
1098 660 1428 708 accommodasse,

124 733 202 759 non
224 719 351 759 dicam
373 720 453 759 duo
471 721 576 760 bella
594 720 772 767 maxima,
795 720 984 760 Punicum
1009 730 1128 772 atque
1155 722 1428 772 Hispaniense,

124 785 174 822 ab
201 795 281 822 uno
300 783 531 833 imperatore
557 797 642 823 esse
667 786 847 823 confecta
871 785 1047 835 duasque
1073 787 1188 825 urbes
1214 787 1434 836 potentissi-
1458 809 1488 826 ιο

125 860 218 895 mas,
239 860 341 898 quae
359 848 451 887 huic
469 848 632 905 imperio
658 848 824 888 maxime
844 849 1132 898 minitabantur,
1155 852 1429 901 Carthaginem

124 919 240 962 atque
274 913 541 960 Numantiam,
571 914 621 952 ab
651 913 791 953 eodem
821 913 1003 965 Scipione
1036 927 1119 954 esse
1148 915 1319 963 deletas,
1351 928 1429 954 non

125 977 445 1015 commemorabo
482 989 606 1026 nuper
642 976 695 1015 ita
731 971 842 1016 vobis
884 978 1134 1028 patribusque
1180 978 1312 1018 vestris
1347 992 1432 1019 esse

125 1039 262 1088 visum,
283 1047 325 1078 ut
350 1039 390 1078 in
409 1052 489 1079 uno
509 1041 553 1080 C.
577 1040 705 1079 Mario
730 1053 819 1091 spes
845 1040 995 1092 imperii
1020 1051 1239 1092 poneretur,
1259 1051 1302 1082 ut
1327 1044 1431 1082 idem

125 1119 214 1144 cum
252 1107 451 1155 Iugurtha,
489 1106 591 1145 idem
630 1119 718 1144 cum
757 1106 935 1154 Cimbris,
974 1107 1078 1147 idem
1116 1121 1206 1147 cum
1244 1109 1434 1148 Teutonis
1455 1130 1484 1154 15

126 1170 268 1208 bellum
303 1170 611 1217 administraret3
647 1170 686 1208 in
717 1170 801 1220 ipso
830 1171 903 1211 Cn.
936 1172 1137 1222 Pompeio,
1167 1172 1206 1210 in
1236 1185 1315 1223 quo
1342 1173 1432 1211 novi

125 1233 310 1273 constitui
329 1234 423 1272 nihil
438 1236 518 1273 vult
534 1235 582 1283 Q.
602 1236 775 1282 Catulus,
790 1249 907 1286 quam
928 1237 1049 1275 multa
1067 1237 1144 1275 sint
1163 1250 1263 1276 nova
1282 1250 1431 1277 summa

127 1300 174 1348 Q.
197 1298 325 1338 Catul‘
398 1298 548 1338 luntate
566 1299 786 1346 constituta,
806 1299 1074 1350 recordamini.

109 1333 172 1449 [X
191 1281 472 1431 'XXJnguid
491 1371 570 1402 tam
591 1377 736 1403 novum
756 1377 874 1414 quarn
889 1365 1225 1403 adulescentulum
1242 1365 1431 1416 privatum

64 2137 113 2176 62

127 1426 338 1470 exercitum
364 1427 511 1467 difficili
528 1427 583 1467 rei
603 1428 783 1478 publicae
803 1436 979 1479 tempore
997 1430 1218 1468 conficere?
1253 1431 1432 1470 confecit.
1454 1452 1487 1470 ω

131 1493 238 1532 Huic
260 1494 468 1542 praeesse?
495 1491 669 1542 praefuit.
729 1494 830 1531 Rem
855 1493 1003 1542 optime
1026 1494 1146 1532 ductu
1175 1506 1247 1532 suo
1274 1496 1434 1544 gerere?

127 1556 258 1607 gessit.
315 1555 420 1605 Quid
458 1564 536 1594 tam
575 1563 729 1606 praeter
763 1557 1090 1596 consuetudinem
1129 1571 1245 1608 quam
1283 1560 1432 1598 homini

128 1620 451 1670 peradulescenti,
472 1619 581 1659 cuius
606 1628 713 1658 aetas
732 1633 755 1658 a
773 1620 968 1659 senatorio
987 1621 1104 1670 gradu
1127 1622 1241 1672 longe
1266 1623 1431 1670 abesset,

129 1684 334 1736 imperium
361 1692 479 1734 atque
516 1683 727 1723 exercitum
766 1684 861 1731 dari,
900 1684 1070 1724 Siciliam
1109 1685 1279 1735 permitti
1317 1694 1434 1737 atque

130 1748 298 1788 Africam
317 1736 542 1798 bellumque
560 1747 600 1785 in
620 1760 667 1786 ea
684 1746 885 1797 provincia
908 1747 1292 1788 administrandum?
1346 1750 1436 1790 Fuit
1455 1771 1488 1795 25

130 1813 170 1852 in
196 1814 254 1851 his
279 1811 486 1864 provinciis
511 1811 689 1861 singulari
710 1811 947 1859 innocentia,
968 1812 1165 1862 gravitate,
1186 1813 1336 1860 virtute,
1357 1814 1436 1852 bel-

130 1879 210 1916 lum
229 1878 270 1916 in
290 1876 418 1915 Africa
436 1874 648 1914 maximum
668 1875 846 1922 confecit,
863 1875 1049 1915 victorem
1069 1878 1280 1915 exercitum
1299 1877 1435 1927 depor-

129 1941 235 1981 tavit.
293 1940 399 1990 Quid
417 1952 510 1978 vero
529 1947 607 1978 tam
628 1939 846 1978 inauditum
873 1952 989 1989 quam
1016 1940 1189 1990 equitem
1210 1941 1434 1980 Romanum

131 2004 395 2054 triumphare?
450 2004 502 2041 At
527 2015 614 2041 eam
641 2015 797 2052 quoque
822 2015 904 2041 rem
932 2004 1099 2053 populus
1126 2005 1329 2043 Romanus
1356 2015 1435 2043 non

131 2070 252 2108 modo
270 2067 379 2114 vidit,
399 2068 469 2106 sed
489 2066 663 2105 omnium
690 2066 805 2105 etiam
832 2066 963 2106 studio
982 2066 1185 2106 visendam
1204 2074 1244 2106 et
1261 2068 1438 2107 concele*
1456 2088 1491 2114 30

129 2133 319 2174 brundam
340 2130 500 2182 putavit.
549 2131 655 2181 Quid
675 2138 754 2169 tam
773 2130 1013 2178 inusitatum,
1033 2143 1152 2181 quam
1171 2138 1225 2178 ut,
1245 2143 1336 2170 cum
1356 2132 1437 2172 duo

130 2195 312 2235 consules
348 2193 546 2233 clarissimi
581 2192 859 2243 fortissimique
895 2200 1038 2240 essent,
1072 2204 1192 2242 eques
1232 2193 1437 2232 Romanus

131 2261 183 2300 ad
213 2260 359 2299 bellum
393 2258 605 2297 maximum
643 2257 1128 2308 formidolosissimumque
1165 2270 1238 2308 pro
1273 2259 1436 2298 consule
