1534 2444
96 112 261 186 lom&
345 99 432 135 DE
468 98 732 136 IMPERIO
775 98 859 135 CN.
899 98 1141 137 POMPEI.
1251 99 1328 151 [IX
1351 111 1395 148 25

48 132 261 246 adolent,
258 198 324 249 qui
358 212 417 238 res
449 200 649 237 Romanas
681 198 866 245 scribunt,
896 198 1101 248 praeterire
1133 211 1197 237 me
1229 206 1397 239 nostram

70 262 362 324 'calamitatem
384 274 484 311 quae
515 269 622 300 tanta
647 260 730 307 fuit,
758 268 800 300 ut
826 274 913 300 eam
941 262 992 300 ad
1020 275 1132 301 aures
1160 261 1402 312 imperatoris
1446 264 1534 320 μιν

92 340 171 366 non
205 341 251 366 ex
288 327 436 376 proelio
470 325 638 375 nuntius,
671 327 738 365 sed
773 339 819 365 ex
851 338 1031 365 sermone
1063 340 1194 365 rumor
1224 327 1399 366 adferret.

25 391 74 429 26
97 390 231 428 Hicin
252 390 318 428 illo
337 389 422 439 ipso
449 390 553 445 malo
571 388 874 438 gravissimaque
899 388 990 428 belli
1016 389 1232 445 offensione
1252 379 1301 427 L.
1324 391 1399 428 Lu-

92 455 228 501 cullus,
257 453 324 503 qui
359 462 489 492 tamen
517 453 647 502 aliqua
676 466 723 491 ex
755 460 866 503 parte
894 452 939 491 iis
968 452 1229 492 incommodis
1257 453 1437 497 mederis

92 520 251 557 fortasse
280 517 481 567 potuisset,
512 523 640 555 vestro
669 516 773 555 iussu
802 524 973 563 coactus,
1003 517 1110 566 quod
1139 516 1289 567 imperii
1322 517 1403 556 diu·

94 582 264 622 turnitati
301 582 461 620 modum
501 581 752 620 statuendum
789 587 919 619 vetere
962 581 1145 630 exemplo
1188 581 1402 630 putavistis,

94 655 242 710 partem
269 646 445 692 militum,
467 647 531 695 qui
559 644 866 695 iam'stipendiis
892 644 1080 683 confectis
1106 653 1226 694 erant,
1246 644 1402 693 dimisit,

95 719 241 761 partem
274 712 337 749 Μ’
361 708 564 749 Glabrioni
590 708 761 748 tradidit
820 710 947 747 Multa
974 715 1173 758 praetereo
1202 710 1404 758 consult03

9 820 15 831 ⁴
94 776 163 824 sed
197 787 243 813 ea
280 787 350 812 vos
388 773 612 811 coniectura
649 772 870 823 perspicite,
903 781 1092 821 quantum
1132 773 1226 811 illud
1263 773 1405 812 bellum
1427 795 1456 811 lu

30 833 59 853 '⁷
86 829 236 874 ''l'actum
266 835 420 885 putetis,
450 825 556 891 quod
586 834 826 885 coniungant
854 846 961 884 reges
990 834 1263 883 potentissimi,
1296 847 1406 873 reno-

95 908 187 938 vent
220 899 386 950 agitatae
419 898 610 944 nationes,
646 897 874 948 suscipiant
895 898 1067 948 integrae
1102 906 1248 948 gentes,
1282 911 1406 937 novus

95 964 305 1014 imperator
332 971 464 1002 noster
491 961 656 1012 accipiat
685 968 814 1001 vetere
843 961 1011 1001 exercitu
1040 963 1165 1012 pulso.

29 1030 76 1067 2¹7
173 1029 220 1066 X.
279 1027 377 1066 Satis
407 1026 501 1065 mihi
532 1027 654 1065 multa
680 1019 807 1064 verba'
826 1025 962 1064 fecisse
990 1024 1135 1073 videor,
1159 1038 1277 1076 quare
1305 1035 1407 1065 esset

96 1094 173 1131 hoc
199 1092 343 1131 bellurn
370 1104 511 1141 genere
537 1090 622 1141 ipso
642 1089 913 1138 necessarium,
935 1089 1201 1140 magnitudine
1220 1090 1407 1139 periculo·
1431 1111 1459 1134 15

96 1168 205 1203 sum,
234 1162 361 1202 restat,
393 1162 433 1192 ut
462 1155 512 1193 de
540 1154 773 1203 imperatore
801 1154 852 1192 ad
880 1153 921 1191 id
950 1154 1095 1192 bellum
1124 1153 1332 1204 deligendo
1361 1166 1407 1192 ac

96 1218 212 1257 tantis
231 1219 344 1257 rebus
364 1218 627 1268 praeficiendo
647 1217 858 1256 dicendum
878 1230 962 1256 esse
980 1217 1163 1256 videatur.

176 1283 350 1328 Utinam,
386 1281 566 1331 Quirites,
606 1281 774 1320 virorum
807 1281 963 1320 fortium
993 1288 1108 1331 atque
1141 1280 1407 1326 innocentium

95 1346 251 1396 copiam
277 1352 425 1384 tantam
451 1344 654 1407 habssretiS,
676 1351 718 1383 ut
741 1345 838 1383 haec
857 1344 968 1383 vobis
994 1344 1219 1383 deliberatio
1245 1344 1409 1383 difficilis

96 1418 208 1456 esset,
247 1422 456 1459 quemnam
494 1408 738 1459 potissimum
777 1408 894 1447 tantis
932 1411 1046 1447 rebus
1082 1421 1128 1446 ac
1166 1415 1275 1446 tanto
1307 1408 1410 1447 bello
1430 1429 1463 1447 ω

97 1473 398 1524 praeficiendum
436 1472 646 1530 putaretis!
705 1474 820 1511 Nunc
856 1485 947 1511 vero
985 1485 1073 1511 cum
1111 1472 1159 1511 sit
1198 1485 1295 1511 unus
1333 1473 1407 1513 Cn.

99 1538 320 1588 Pompeius,
343 1536 410 1587 qui
435 1550 515 1575 non
538 1538 659 1576 modo
687 1550 821 1576 eorum
848 1537 1062 1583 hominum,
1083 1528 1150 1586 qui
1176 1548 1281 1574 nunc
1308 1544 1408 1582 sunt,

97 1600 269 1651 gloriam,
292 1600 361 1638 sed
390 1598 508 1638 etiam
533 1597 773 1648 antiquitatis
799 1597 1025 1649 memoriam
1045 1597 1183 1636 virtute
1211 1596 1407 1646 superarit,

98 1675 198 1712 quae
217 1675 277 1701 res
295 1669 365 1708 est,
386 1673 487 1710 quae
505 1658 734 1709 cuiusquam
752 1659 924 1697 animum
944 1659 983 1697 in
1009 1659 1082 1697 hac
1106 1671 1222 1714 causa
1246 1658 1408 1697 dubium

31 1731 80 1769 28
97 1727 223 1764 facere
243 1723 393 1775 possit?
439 1725 523 1774 Ego
544 1722 647 1778 enim
667 1722 722 1761 sic
741 1722 929 1770 existimo,
946 1722 986 1760 in
1006 1734 1160 1761 summo
1180 1720 1410 1772 imperatore
1431 1743 1462 1767 25

98 1797 280 1840 quattuor
298 1789 367 1827 has
387 1801 447 1827 res
467 1787 594 1826 inesse
620 1794 809 1837 oportere,
831 1780 1031 1825 scientiam
1056 1786 1109 1825 rei
1138 1786 1320 1833 militaris,
1343 1787 1411 1825 vir-

99 1861 234 1902 tutem,
265 1851 548 1899 auctoritatem,
580 1850 812 1903 felicitatem
871 1850 969 1899 Quis
1001 1849 1113 1904 igitur
1143 1850 1219 1889 hoc
1251 1849 1410 1889 homine

100 1917 281 1958 scientior
300 1929 486 1966 umquam
505 1922 572 1954 aut
591 1914 662 1953 fuit
681 1922 747 1953 aut
767 1927 851 1953 esse
871 1913 1035 1953 debuit?
1059 1914 1125 1963 qui
1144 1927 1166 1952 e
1155 1892 1282 1974 ludo
1293 1922 1411 1965 atque

99 1971 285 2031 pueritiae
305 1976 530 2027 disciplinis,
552 1977 655 2015 bello
674 1975 857 2015 maximo
868 1983 985 2026 atque
1009 1974 1202 2015 acerrimis
1221 1975 1408 2023 hostibus,

100 2046 151 2084 ad
176 2044 294 2095 patris
320 2042 529 2083 exercitum
557 2048 675 2090 atque
701 2040 741 2078 in
769 2039 927 2079 militiae
950 2039 1194 2090 disciplinam
1217 2039 1413 2088 profectus
1431 2061 1463 2086 30

101 2117 183 2158 est;
229 2108 295 2159 qui
332 2115 503 2146 extrema
539 2104 702 2155 pueritia
739 2104 849 2161 miles
885 2105 924 2142 in
961 2100 1128 2142 exercitu
1165 2101 1235 2142 fuit
1270 2102 1412 2142 summi

101 2172 354 2223 imperatoris,
376 2170 534 2209 ineunte
559 2167 823 2221 adulescentia
847 2165 1004 2206 maximi
1030 2166 1112 2217 ipse
1132 2165 1320 2206 exercitus
1344 2166 1412 2205 im-

101 2245 278 2289 perator;
309 2235 375 2286 qui
409 2233 563 2283 saepius
589 2244 680 2271 cum
708 2232 820 2271 hoste
846 2225 1030 2279 confliiiit,
1059 2229 1176 2281 quam
1206 2230 1410 2281 quisquam
