1534 2444
111 105 134 141 6
370 105 452 141 DE
488 104 750 142 IMPERIO
790 104 875 142 CN.
915 103 1156 143 POMPEI.
1268 102 1414 156 [v114

112 205 379 256 magnitudine
416 205 603 255 pastionis
639 213 678 244 et
706 205 951 244 multitudine
988 218 1119 244 earum
1147 218 1284 253 rerum,
1317 219 1418 256 quae

111 276 372 319 exportantur,
393 269 505 307 facile
533 268 717 307 omnibus
744 269 852 308 terris
879 268 1095 307 antecellat.
1155 270 1294 318 Itaque
1321 270 1417 308 haec

113 332 222 371 vobis
242 331 452 382 provincia,
468 331 650 380 Quirites,
671 331 703 370 si
722 340 761 370 et
780 332 871 383 belli
890 332 1092 371 utilitatem
1115 340 1153 370 et
1172 332 1278 382 pacis
1297 331 1417 382 digni·

114 402 232 434 tatem
260 395 424 434 retinere
451 394 577 440 vultis,
598 407 678 433 non
707 395 827 433 modo
852 407 876 432 a
899 394 1132 442 calamitate,
1154 395 1222 434 sed
1250 396 1366 434 etiam
1394 408 1417 434 a

49 462 94 499 15
114 467 220 498 metu
248 458 475 497 calamitatis
509 466 566 497 est
599 459 859 498 defendenda.
918 450 1019 496 Na'm
1059 459 1097 497 in
1135 459 1272 498 ceteris
1304 459 1417 498 rebus
1437 479 1452 504 ⁵

114 513 203 561 curn
240 522 345 561 venit
382 522 595 567 calamitas,
630 530 711 560 tum
749 521 1026 561 detrimentum
1064 522 1270 572 accipitur;
1306 530 1345 562 at
1378 523 1416 561 in

66 587 364 644 syvectigalibus
384 599 464 625 non
484 587 610 624 solum
630 587 821 625 adventus
841 586 942 631 mali,
964 587 1032 624 sed
1053 586 1171 625 etiam
1190 595 1316 625 metus
1334 586 1417 636 ipse

38 641 54 665 ἰ
83 647 237 706 &adfert
251 645 527 690 calamitatem.
588 651 689 688 Nam
718 663 807 688 cum
837 651 1005 688 hostium
1033 650 1168 700 copiae
1196 662 1276 688 non
1303 651 1418 699 longe

115 718 267 764 absunt,
299 715 415 754 etiam
448 714 480 752 si
511 713 669 763 irruptio
698 714 804 752 nulla
841 714 944 753 facta
980 721 1050 761 est,
1081 721 1215 752 tamen
1242 713 1446 788 pecuaria.I
1482 713 1511 785 's

116 779 350 829 relinquitur
389 778 469 827 agri
506 779 655 816 cultura
693 778 893 825 descritur,
933 786 1190 816 mercatorum
1227 777 1453 828 nay-igatio'r
1445 764 1531 819 ιέἷΛ

116 843 367 894 conquiescit.
409 844 471 881 Ita
489 855 616 891 neque
636 854 683 880 ex
701 851 814 892 portu
834 854 962 891 neque
981 855 1028 880 ex
1043 842 1218 880 decumis
1232 854 1360 891 neque
1374 854 1422 880 ex
1488 841 1491 849 ⁴

117 908 303 965 scriptura
322 906 486 956 vectigal
506 906 724 944 conservari
743 914 895 956 potest3
923 918 1042 955 quare
1060 917 1176 955 saepe
1195 904 1312 943 totius
1330 903 1422 943 anni

118 957 261 1010 fructus
281 959 360 1009 u'no
386 983 540 1009 rumore
560 969 719 1020 periculi
744 978 863 1019 atque
890 982 970 1008 uno
995 969 1087 1008 belli
1116 977 1258 1008 terrore
1285 967 1423 1007 amitti-

53 1038 99 1076 16
118 1043 187 1074 tur.
246 1035 337 1089 Quo
365 1034 524 1073 tandem
549 1031 695 1086 [igitur]
724 1033 856 1071 animo
884 1046 969 1072 esse
994 1032 1221 1071 existimatis
1247 1039 1314 1071 aut
1341 1045 1420 1079 eos,

118 1099 184 1148 qui
210 1098 414 1148 vectigalia
438 1097 552 1136 nobis
577 1098 788 1147 pensitant,
814 1104 881 1135 aut
908 1109 988 1143 eos,
1008 1096 1075 1146 qui
1103 1103 1283 1135 exercent
1308 1103 1424 1145 atque
1447 1116 1476 1140 1⁵

119 1162 285 1213 exigunt,
307 1174 397 1200 cum
417 1162 498 1200 duo
517 1173 626 1210 reges
645 1173 736 1199 cum
756 1160 934 1199 maximis
953 1159 1077 1210 copiis
1097 1167 1255 1210 propter
1273 1159 1425 1198 adsint?

120 1240 208 1265 cum
247 1239 322 1264 una
350 1225 524 1265 excursio
551 1227 746 1276 equitatus
774 1224 950 1275 perbrevi
978 1232 1153 1274 tempore
1185 1223 1304 1262 totius
1332 1222 1424 1262 anni

122 1290 284 1341 vectigal
311 1291 458 1329 auferre
494 1289 640 1340 possit?
675 1301 766 1328 cum
803 1289 1002 1339 publicani
1031 1286 1195 1329 familias
1227 1286 1422 1333 maximas,

121 1367 218 1405 quas
246 1343 286 1393 in
315 1353 477 1392 saltibus
506 1354 664 1400 habent,
693 1366 790 1402 quas
823 1352 864 1391 in
893 1352 1002 1402 agris,
1037 1365 1133 1402 quas
1165 1351 1203 1390 in
1238 1352 1425 1401 portubus

121 1427 238 1468 atque
275 1417 474 1464 custodiis,
514 1429 657 1467 magno
693 1415 865 1466 periculo
903 1429 944 1455 se
989 1416 1134 1454 habere
1170 1414 1429 1453 arbitrentur?
1447 1434 1481 1453 ω
1527 1465 1530 1468 ψ

124 1482 323 1521 Putatisne
349 1493 420 1520 vos
457 1480 531 1519 illis
568 1481 683 1519 rebus
720 1479 793 1518 frui
829 1492 956 1530 posse,
986 1479 1060 1518 nisi
1096 1491 1175 1534 eQS,
1214 1477 1281 1527 qui
1317 1477 1427 1516 vobis

122 1546 258 1586 fructui
287 1553 387 1593 sunt,
408 1542 688 1590 conservaritis,
710 1557 790 1583 non
818 1545 957 1590 solum,
979 1551 1021 1582 ut
1045 1551 1136 1582 ante
1164 1541 1252 1588 dixi,
1274 1540 1428 1580 calami-

123 1618 212 1659 tate,
233 1610 302 1649 sed
321 1608 437 1648 etiam
458 1607 687 1647 calamitatis
706 1606 912 1664 formidine
931 1607 1140 1659 liberatos?

60 1676 106 1716 17
182 1686 185 1705 2
204 1676 298 1713 V11.
355 1676 413 1712 Ac
432 1686 481 1712 ne
500 1673 595 1711 illud
614 1673 772 1722 quidem
793 1670 903 1727 vobis
927 1664 1211 1722 neglegendum
1231 1677 1300 1716 est,
1320 1670 1428 1719 quod

127 1739 221 1778 mihi
257 1750 330 1789 ego
367 1727 581 1776 extremum
624 1727 914 1787 proposueram,
951 1748 1040 1774 cum
1084 1747 1209 1773 essem
1247 1735 1298 1774 de
1340 1735 1430 1773 belli
1450 1755 1483 1779 23

125 1816 265 1855 genere
290 1802 472 1848 dicturus,
494 1801 602 1851 quod
627 1801 676 1840 ad
703 1801 912 1839 multorum
939 1800 1043 1839 bona
1067 1797 1206 1837 civium
1235 1799 1431 1837 Romano-

127 1882 211 1908 rum
237 1866 427 1918 pertinet;
455 1878 622 1915 quorum
648 1864 759 1903 vobis
786 1877 858 1914 pro
883 1871 1008 1903 vestra
1027 1861 1227 1912 sapientia,
1249 1860 1500 1935 Quirites,

128 1932 309 1972 habenda
336 1937 395 1970 est
423 1929 520 1968 ratio
549 1928 761 1979 diligenter
821 1929 921 1966 Nam
952 1935 990 1966 et
1018 1939 1071 1997 pu
1099 1925 1225 1987 lieani,
1255 1926 1308 1964 ho
1363 1937 1455 2026 13ξᾷ

127 1994 388 2036 honestissimi
421 2002 537 2044 atque
570 1991 814 2039 ornatissimi,
843 2004 931 2029 suas
960 1990 1058 2029 ratio
1141 1982 1206 2029 ‹Ut›
1215 1937 1455 2103 miff‘ffissQ

127 2062 232 2100 illam
263 2057 505 2109 provinciam
534 2057 797 2104 contulerunt,
819 2067 983 2104 quorum
996 2044 1286 2104 ipsorumper
1375 2065 1435 2090 res
1454 2073 1487 2097 2„

129 2132 167 2164 et
192 2124 367 2162 fortunae
387 2120 497 2160 vobis
522 2132 638 2158 curae
664 2131 749 2158 esse
774 2119 932 2157 debent.
989 2115 1158 2161 Etenim,
1179 2114 1210 2154 si
1234 2113 1436 2165 vectigalia

128 2200 269 2227 nervos
293 2198 378 2226 esse
404 2184 457 2223 rei
486 2184 668 2235 publicae
694 2194 847 2231 semper
871 2179 1062 2226 duximus,
1088 2191 1176 2219 eum
1205 2185 1309 2218 certe
1337 2176 1438 2218 ordi-

129 2264 231 2299 nem,
270 2249 337 2301 qui
373 2254 527 2289 exercet
562 2247 639 2295 illa,
678 2247 963 2285 firmamentum
1000 2250 1216 2284 ceterorum
1245 2242 1439 2286 'ordinum
1487 2238 1491 2242 ⁴
