1534 2444
298 458 370 506 M.
419 457 649 506 TULLI
704 425 1110 506 CICERONIS

79 623 207 684 DE
280 623 686 684 IMPERIO
758 622 902 684 CN.
974 618 1334 682 POMPEI-

376 797 454 836 AD
493 797 766 846 QUIRITES
804 773 1034 836 ORAT1o.

160 1005 191 1043 I.
250 1003 503 1051 QUAMQUAM
525 1002 621 1040 mihi
641 1015 798 1052 semper
815 1002 1000 1056 frequens
1019 1010 1258 1053 conspectus
1277 1010 1406 1043 vester
1426 1011 1447 1049 1

79 1069 202 1107 multo
220 1057 537 1114 iucundissimus,
560 1067 624 1106 hie
643 1074 777 1107 autem
797 1069 908 1106 locus
927 1068 979 1106 ad
998 1069 1195 1118 agendum
1215 1068 1406 1118 amplissi

77 1146 175 1180 muS,
196 1134 246 1172 ad
275 1132 488 1172 dicendum
518 1131 791 1171 ornatissimus
820 1139 880 1172 est
906 1132 1026 1180 visus,
1055 1132 1241 1185 QuiriteS,
1270 1141 1404 1173 tamen

75 1200 151 1238 hoc
169 1200 278 1238 aditu
298 1198 437 1246 laudis,
458 1199 524 1249 qui
545 1210 703 1248 semper
727 1187 880 1248 optimo
906 1198 1064 1249 cuique
1075 1199 1244 1238 maxime
1264 1194 1402 1250 patuit,

5 1259 8 1262 ’
40 1286 56 1310 ⁵
73 1277 153 1304 non
183 1276 274 1303 mea
301 1276 365 1304 me
394 1264 576 1320 voluntas
605 1263 746 1312 adhuc,
778 1264 848 1302 sed
877 1263 980 1302 vitae
1009 1276 1122 1302 meae
1151 1264 1324 1304 rationes
1351 1267 1403 1304 ab

73 1328 234 1368 ineunte
264 1335 393 1368 aetate
425 1335 633 1380 susceptae
666 1327 963 1378 prohibuerunt.
1023 1329 1130 1367 Nam
1160 1341 1253 1368 cum
1286 1337 1405 1369 antea

72 1405 144 1444 per
178 1400 347 1432 aetatem
392 1393 573 1431 nondum
618 1392 732 1430 huius
775 1390 1052 1451 auctoritatem
1096 1392 1175 1432 loci
1212 1392 1403 1444 attingere

73 1460 258 1498 auderem
287 1466 581 1508 statueremque
609 1457 707 1496 nihil
745 1458 822 1496 huc
860 1450 935 1496 nisi
972 1459 1190 1508 perfectum
1227 1458 1401 1509 ingenio,

73 1523 317 1563 elaboratum
345 1522 534 1561 industria
560 1521 701 1561 adferri
727 1531 922 1574 oportere,
951 1536 1071 1562 omne
1091 1536 1224 1563 meum
1246 1532 1401 1576 tempus

24 1609 54 1627 ιο
70 1587 285 1627 amicorum
313 1572 573 1641 temp-oribus*
585 1587 930 1659 transmittendum
957 1589 1104 1638 putavi.
1182 1591 1244 1628 Ita
1271 1604 1402 1641 neque
1420 1600 1444 1637 2

4 1644 17 1695 ᾆξ’
73 1653 138 1692 hic
165 1654 276 1693 locus
303 1666 450 1692 vacuus
476 1666 666 1703 umquam
693 1646 765 1691 fuit
790 1653 841 1690 ab
867 1652 925 1700 iis,
948 1654 1015 1711 qui
1042 1661 1212 1693 vestram
1239 1668 1402 1695 causam

7 1726 14 1771 j
73 1718 339 1762 defenderent,
370 1725 409 1756 et
444 1731 555 1756 meus
586 1719 698 1756 labor
730 1715 772 1755 in
803 1716 1044 1767 privatorum
1079 1718 1262 1769 periculis
1293 1728 1400 1760 caste

31 1807 32 1810 =
71 1773 298 1833 integreque
325 1789 499 1821 versatus
526 1796 574 1821 ex
598 1790 729 1821 vestro
754 1781 900 1820 iudicio
926 1783 1098 1821 fructum
1125 1785 1186 1823 est
1211 1785 1402 1835 amplissi-

71 1860 179 1886 mum
209 1854 480 1886 consecutus.
482 1849 617 1888 Nam
646 1859 738 1886 cum
768 1854 930 1898 propter
957 1847 1188 1887 dilationem
1218 1850 1399 1890 comitio-

0 1920 52 1964 ις
67 1925 152 1950 rum
181 1919 237 1950 ter
262 1919 417 1961 praetor
442 1911 589 1963 primus
619 1911 806 1950 centuriis
835 1912 990 1950 cunctis
1019 1914 1266 1952 renuntiatus
1295 1928 1397 1963 sum,

0 1963 25 1992 ⁴
39 1977 183 2019 facile
212 1975 397 2022 intellexi,
419 1975 606 2025 QuiriteS,
626 1983 665 2014 et
694 1975 790 2026 quid
818 1976 869 2015 de
896 1990 961 2015 me
986 1976 1212 2018 iudicaretis
1238 1987 1281 2019 et
1303 1981 1399 2031 quid

36 2045 52 2077 3
46 2037 155 2080 aliis
172 2040 499 2100 praescriberetis.
560 2042 678 2079 Nunc
704 2054 794 2079 cum
822 2039 861 2080 e't
886 2038 1128 2081 auctoritatis
1154 2041 1194 2101 in
1224 2057 1288 2084 me
1317 2054 1400 2085 tan-

0 2093 48 2150 {³3
72 2111 156 2144 tum
181 2104 241 2171 sit,
263 2113 456 2163 quantum
485 2118 557 2143 vos
582 2105 801 2144 honoribus
827 2096 1065 2147 mandandis
1092 2121 1179 2148 esse
1206 2102 1396 2159 voluistis,

1112 2172 1296 2181 .....

48 2239 116 2292 'bex
145 2231 291 2293 forensi
322 2245 395 2271 usu
429 2245 553 2284 prope
586 2233 788 2274 cotidiana
821 2234 979 2274 dicendi
1009 2237 1236 2277 exercitatio
1266 2241 1398 2289 potuit

105 2324 151 2354 n.
191 2303 203 2306 ’
1268 2334 1283 2359 1
