1534 2444
135 104 159 136 4
360 92 474 129 *DE
509 91 772 129 IMPERIO
813 90 898 129 CN.
941 87 1179 130 POMPEI.
1319 90 1440 144 [1v9
1470 58 1474 65 1

136 194 274 234 inferre
312 195 518 240 simularet,
550 207 674 243 usque
710 194 749 232 in
780 193 1017 244 Hispaniam
1047 196 1194 245 legatos
1222 209 1269 235 ac
1295 196 1442 236 litteras

137 258 240 296 misit
268 259 319 297 ad
345 270 412 296 eos
432 259 565 303 duces,
586 246 817 306 quibuscum
845 267 929 298 tum
958 260 1101 298 bellum
1131 260 1368 310 gerebamus,
1388 268 1441 308 ut,

137 335 225 361 cum
262 323 417 360 duobus
454 321 494 360 in
532 322 628 360 locis
666 306 974 362 disiunctissimis
1005 323 1251 375 maximeque
1283 323 1442 363 diversis

137 399 216 424 uno
244 384 408 424 consilio
435 398 458 423 a
487 384 588 423 binis
616 385 786 424 hostium
815 386 940 437 copiis
968 388 1113 426 bellum
1142 395 1243 426 terra
1270 387 1444 438 marique

136 460 339 500 gereretur,
361 464 429 488 vos
449 449 608 499 ancipiti
627 450 881 489 contentione
900 450 1060 490 districti
1082 453 1132 494 de
1151 452 1316 502 imperio
1335 451 1444 509 dimi-
1464 472 1478 495 ς

74 518 120 555 10
138 516 284 554 caretis.
303 510 335 566 ll
342 516 419 554 Sed
451 522 582 567 tamen
615 515 769 553 alterius
798 514 918 564 partis
945 514 1171 565 periculum,
1201 516 1443 556 Sertorianae

137 587 254 629 atque
276 577 561 628 Hispaniensis,
583 590 683 626 quae
709 578 833 628 multo
856 578 944 626 plus
964 578 1195 617 firmamenti
1222 591 1268 617 ac
1295 578 1444 618 roboris

139 643 319 689 habebat,
350 643 431 682 Cn„
454 642 615 690 Pompei
644 640 778 679 divino
815 640 979 679 consilio
1015 653 1061 680 ac
1094 640 1276 692 singulari
1306 641 1444 687 virtute

139 707 343 756 depulsum
364 714 422 744 est
430 720 440 754 3
470 704 509 761 in
530 707 649 744 altera
674 713 782 754 parte
808 703 861 743 ita
886 716 946 743 res
969 717 992 742 a
1021 706 1062 742 L.
1094 706 1269 752 Lucullo,
1291 716 1444 744 summo

139 770 232 816 viro,
254 777 312 809 est
330 769 610 814 administrata,
632 776 674 807 ut
699 768 810 807 initia
834 767 903 806 illa
928 780 1054 807 rerum
1083 778 1275 819 gestarum
1306 782 1444 819 magna
1468 790 1498 807 ιο

138 842 256 883 atque
284 835 481 883 praeclara
510 846 588 871 non
617 831 790 871 felicitati
817 831 910 880 eius,
935 832 1004 870 sed
1028 832 1168 880 virtuti,
1189 834 1285 871 haec
1313 840 1443 870 autem

139 906 319 944 extrema,
343 910 442 946 quae
471 909 595 946 nuper
621 896 858 942 acciderunt,
881 909 961 934 non
989 897 1138 946 culpae,
1169 897 1237 935 sed
1267 897 1444 934 fortunae

140 957 343 1000 tribuenda
362 973 446 1000 esse
465 960 679 1000 videantur.
737 962 815 1008 Sed
835 961 885 999 de
908 961 1071 999 Lucullo
1091 961 1218 999 dicam
1244 952 1321 999 alio
1345 961 1444 1006 loco,

139 1033 178 1064 et
194 1025 246 1063 ita
261 1025 401 1073 dicam,
418 1024 600 1074 Quirites,
616 1028 659 1063 u't
679 1037 806 1074 neque
817 1037 907 1063 vera
925 1026 1009 1063 laus
1029 1025 1061 1063 ei
1078 1025 1252 1063 detracta
1270 1024 1445 1063 oratione

74 1090 119 1127 11
141 1102 227 1128 mea
249 1102 377 1139 neque
406 1090 502 1127 falsa
538 1091 681 1128 adficta
713 1101 798 1127 esse
828 1088 1028 1136 videatur;
1065 1088 1115 1127 de
1152 1084 1266 1127 vestri
1294 1087 1446 1139 imperii
1469 1109 1498 1132 ις

139 1152 327 1203 dignitate
364 1162 480 1203 atque
516 1152 649 1203 gloria,
689 1138 944 1206 qquiam”is
976 1161 1034 1192 est
1057 1165 1226 1202 fflrsus
1262 1150 1447 1191 orationis

140 1230 263 1263 meae,
283 1217 412 1256 videte
432 1230 549 1267 quem
571 1216 681 1255 vobis
700 1216 872 1254 animum
894 1217 1184 1267 suscipiendum
1205 1217 1358 1269 putetis.

166 1282 173 1293 '
218 1282 266 1320 V.
326 1282 496 1320 Maiores
516 1281 638 1320 nostri
665 1293 783 1330 saepe
809 1281 1088 1319 mercatoribus
1112 1288 1178 1319 aut
1207 1280 1447 1320 naviculariis

141 1345 280 1384 nostris
299 1345 520 1385 iniuriosius
539 1345 710 1384 tractatis
729 1345 833 1400 bella
858 1353 1083 1395 gesserunt;
1112 1357 1182 1383 vos
1205 1352 1263 1383 tot
1291 1344 1448 1384 milibus

140 1407 282 1446 civium
303 1409 572 1446 Romanorum
591 1418 672 1445 uno
691 1405 830 1461 nuntio
850 1413 968 1455 atque
990 1418 1071 1444 uno
1099 1413 1275 1455 tempore
1302 1405 1449 1445 necatis
1471 1428 1501 1444 m

141 1484 221 1522 quo
250 1472 407 1511 tandem
435 1471 569 1510 animo
597 1483 682 1509 esse
709 1469 891 1524 debetis?
946 1468 1082 1520 Legati
1110 1470 1219 1519 quod
1249 1476 1358 1509 erant
1383 1482 1450 1521 ap—

142 1535 274 1586 pellati
303 1535 517 1589 superbius,
549 1526 788 1573 Corinthum*
807 1541 936 1583 patres
962 1533 1091 1579 vestri,
1115 1534 1234 1572 totius
1263 1532 1449 1573 Graeciae

141 1601 284 1647 lumen,
308 1598 539 1649 exstinctum
557 1609 641 1636 esse
661 1597 886 1644 voluerunt,
914 1608 994 1638 vos
1005 1609 1096 1635 eum
1123 1608 1252 1647 regem
1279 1595 1445 1635 inultum

143 1676 228 1704 esse
264 1662 477 1713 patiemini,
511 1663 576 1712 qui
615 1655 784 1712 legatum
822 1659 959 1711 populi
997 1659 1168 1699 Romani
1205 1661 1447 1699 consularem

146 1727 309 1767 vinculis
409 1725 634 1774 verberibus
662 1733 782 1776 atque
812 1724 920 1764 omni
957 1724 1151 1795 supplicio
1187 1724 1450 1764 excruciatum
1471 1745 1504 1770 23

124 1790 333 1843 υιιςῆςῃριλιὶ,
375 1789 437 1829 Illi
465 1790 684 1830 libertatem
720 1788 967 1850 imminutam
1005 1788 1150 1827 civium
1179 1774 1448 1827 Romanorum

94 1890 102 1896 .
145 1868 226 1895 non
245 1853 433 1902 tulerunt;
461 1867 529 1893 vos
548 1847 763 1918 ειςΞ-ίωιι
741 1853 860 1892 vitam
879 1852 1115 1904 neglegetis?
1161 1854 1227 1901 Ius
1246 1852 1450 1912 legationis

145 1921 264 1959 verbo
283 1919 468 1964 violatum
494 1917 549 1956 illi
575 1907 773 1972 persecuti
796 1924 904 1964 sunt3
932 1929 1002 1955 vos
1029 1917 1199 1970 legatum
1228 1916 1336 1955 omni
1363 1929 1450 1966 sup-

80 1990 127 2027 12
145 1962 262 2036 plie'io
290 1984 533 2023 intersectum
558 1981 806 2032 relinquetis?
859 1980 1015 2028 Videte,
1036 1993 1099 2027 ne,
1120 1988 1162 2020 ut
1185 1980 1260 2019 illis
1279 1980 1452 2030 pulcher-

144 2050 286 2089 rimum
314 2048 383 2087 fuit
412 2055 559 2087 tantam
581 2046 692 2086 vobis
718 2046 868 2096 imperii
893 2042 1057 2096 gloriam
1084 2045 1247 2095 Qus,
1266 2043 1324 2110 sic
1342 2043 1454 2083 vobis
1471 2065 1505 2090 30

145 2111 409 2166 turpissimum
429 2111 478 2162 sit
497 2110 549 2156 id,
570 2108 676 2159 quo'd
697 2107 915 2159 accepistis,
937 2107 1036 2146 tueri
1054 2112 1093 2146 et
1119 2118 1347 2146 conservare
1371 2118 1452 2146 non

146 2189 271 2229 posse.
707 2172 734 2204 Ν
960 2176 966 2184 ’

227 2239 358 2289 Quid?
394 2239 502 2288 quod
530 2238 632 2276 salus
661 2236 856 2276 sociorum
885 2247 1079 2275 summum
1106 2234 1154 2274 in
1170 2234 1384 2287 periculum
1406 2249 1455 2277 ae
