1534 2444
143 126 183 150 ιε
390 115 478 152 DE
513 116 775 155 IMPERIO
815 117 901 155 CN.
941 114 1182 156 POMPEI.
1292 116 1434 172 [Xl31

135 226 272 254 omnes
310 223 461 254 exterae
496 223 631 266 gentes
664 229 710 255 ac
739 216 927 265 nationes,
958 218 1128 270 denique
1161 221 1281 260 maria
1309 221 1442 262 omnia

135 292 225 317 cum
245 279 431 326 universa,
445 287 527 318 tum
547 279 586 318 in
606 279 766 331 singulis
785 281 862 321 oris
880 295 1017 323 omnes
1036 283 1142 322 sinus
1161 291 1278 334 atque
1297 291 1440 334 portus.

137 343 236 392 Quis
263 343 368 383 enim
396 351 480 382 toto
508 343 602 382 mari
625 346 733 384 locus
758 359 826 396 per
847 346 919 386 hos
944 359 1069 386 annos
1093 356 1159 387 aut
1185 355 1265 387 tam
1291 349 1441 388 firmum

136 399 272 446 habuit
299 407 544 457 praesidium,
564 416 606 447 ut
633 416 738 448 tutus
765 418 878 468 esset,
908 419 974 450 aut
1002 418 1079 449 tam
1106 411 1178 450 suit
1205 412 1372 459 abditus,
1402 420 1443 452 ut

136 472 303 511 lateret?
348 471 445 520 Quis
466 472 670 522 navigavit,
685 472 752 523 qui
771 486 851 512 non
871 487 913 513 se
931 481 997 513 aut
1016 474 1150 513 mortis
1168 483 1235 514 aut
1253 476 1443 515 servitutis
1463 497 1477 521 5

137 537 309 587 periculo
328 537 599 584 committeret,
619 551 708 576 cum
728 546 795 576 aut
814 538 943 577 hieme
960 546 1027 577 aut
1044 539 1183 578 referto
1201 539 1442 589 praedonum

137 600 231 639 mari
251 602 474 651 navigaret?
520 602 613 640 Hoc
634 609 783 640 tantum
803 602 960 649 bellum,
982 608 1061 639 tam
1080 591 1202 652 turpe,
1222 591 1306 642 tarn'
1321 610 1442 649 vetus,

137 672 216 703 tam
236 665 312 703 late
332 664 496 703 divisum
516 671 634 714 atque
652 665 870 715 dispersum
890 664 976 714 quis
998 677 1184 714 umquam
1203 664 1445 705 arbitraretur

137 738 202 767 aut
221 730 271 767 ab
292 728 473 767 omnibus
493 728 789 778 imperatoribus
808 742 887 767 uno
906 741 1012 767 anno
1037 735 1105 767 aut
1129 729 1310 768 omnibus
1333 729 1444 768 annis

71 797 120 834 32
137 795 187 832 ab
206 806 286 832 uno
306 792 536 842 imperatore
556 793 697 831 confici
718 785 865 843 posse?
920 793 1049 841 Quam
1075 792 1313 843 provinciam
1336 802 1444 832 tenu-
1466 813 1498 831 ιο

137 856 219 895 istis
237 870 260 894 a
280 856 542 906 praedonibus
562 856 722 895 liberam
742 870 810 907 per
828 857 946 895 hosce
965 858 1120 895 annos?
1160 858 1269 912 quod
1283 857 1445 907 vectigal

137 920 247 959 vobis
267 927 390 958 tutum
411 920 510 958 fuit?
556 933 673 970 quem
692 921 843 960 socium
862 919 1119 959 defendistis?
1166 921 1229 959 cui
1247 918 1447 971 ‘praesidio

137 984 324 1023 classibus
361 983 495 1023 vestris
526 985 678 1024 fuistis?
723 997 838 1035 quam
872 985 1012 1023 multas
1044 985 1268 1024 existimatis
1301 985 1445 1024 insulas

138 1061 223 1087 esse
247 1049 430 1095 desertas,
451 1061 568 1098 quam
596 1050 737 1087 multas
757 1056 823 1088 aut
843 1057 949 1088 metu
969 1049 1120 1088 relictas
1143 1057 1210 1088 aut
1234 1063 1258 1088 a
1282 1051 1444 1100 praedo-

138 1107 253 1151 nibus
280 1120 414 1163 captas
441 1115 555 1152 urbes
584 1126 668 1152 esse
697 1114 919 1153 sociorum?
1005 1115 1099 1153 XII.
1148 1115 1224 1154 Sed
1253 1114 1346 1164 quid
1374 1127 1447 1165 ego
1468 1136 1496 1160 ις,

139 1177 349 1227 longinqua
367 1189 633 1216 commemoro
647 1178 666 1215 ?
720 1178 808 1216 Fuit
826 1178 902 1217 hoc
921 1178 1133 1227 quondam,
1154 1179 1225 1217 fuit
1247 1178 1443 1228 proprium

138 1241 274 1291 populi
312 1240 494 1288 Romani,
527 1241 645 1290 longe
681 1253 705 1279 a
736 1242 856 1280 domo
893 1242 1036 1281 bellare
1073 1250 1111 1281 et
1146 1242 1445 1292 propugnaculis

138 1305 289 1356 imperii
308 1305 501 1344 sociorum
521 1307 706 1352 fortunas,
727 1319 808 1345 non
826 1318 896 1345 sua
921 1314 1023 1345 tecta
1048 1306 1266 1345 defendere.
1323 1305 1446 1345 Sociis

139 1383 213 1421 ego
231 1369 371 1409 nostris
389 1382 495 1409 mare
515 1382 585 1419 per
607 1369 678 1408 hos
700 1382 825 1408 annos
850 1370 1025 1408 clausum
1051 1369 1169 1408 fuisse
1196 1369 1335 1416 dicam,
1356 1382 1445 1408 cum

140 1434 330 1473 exercitus
354 1434 469 1473 vestri
496 1446 710 1483 numquam
748 1447 771 1472 a
808 1433 1015 1473 Brundisio
1041 1434 1115 1473 nisi
1141 1433 1270 1473 hieme
1295 1446 1449 1472 summa
1467 1455 1500 1473 ω

140 1497 450 1537 transmiserint?
504 1496 582 1546 Qui
610 1497 661 1535 ad
682 1510 751 1536 vos
775 1498 826 1535 ab
852 1497 991 1535 exteris
1017 1496 1240 1536 nationibus
1258 1496 1444 1543 venirent,

139 1570 275 1612 captos
304 1573 452 1611 querar,
482 1573 571 1599 cum
605 1560 719 1610 legati
750 1560 886 1610 populi
917 1560 1088 1599 Romani
1120 1560 1311 1610 redempti
1339 1560 1448 1599 sint?

141 1625 424 1665 Mercatoribus
444 1630 567 1663 tutum
589 1637 695 1662 mare
718 1636 797 1662 non
823 1623 939 1663 fuisse
964 1624 1104 1671 dicam,
1124 1629 1212 1662 cum
1240 1624 1446 1663 duodecim

72 1695 120 1733 33
140 1703 292 1730 secures
325 1689 363 1728 in
401 1689 641 1739 praedonum
679 1695 913 1738 potestatem
950 1687 1193 1741 pervenerint
1203 1686 1246 1726 Ν
1275 1687 1445 1727 Cnidum

139 1762 204 1793 aut
223 1754 499 1809 Colophonem
517 1760 584 1791 aut
608 1753 780 1798 Samum,
800 1750 1059 1791 nobilissimas
1085 1753 1209 1799 urbes,
1230 1751 1446 1791 innumera·
1467 1774 1499 1798 ος

139 1819 312 1869 bilesque
332 1819 425 1858 alias
444 1825 579 1868 captas
599 1830 684 1856 esse
703 1829 1017 1863 commemorem,
1038 1828 1127 1855 cum
1146 1824 1293 1856 vestros
1314 1824 1446 1867 portus

139 1892 256 1934 atque
274 1897 342 1923 eos
364 1890 510 1934 portus,
531 1882 673 1932 quibus
691 1881 809 1921 vitam
835 1894 882 1920 ae
910 1881 1085 1931 spiritum
1115 1880 1265 1928 ducitis,
1285 1880 1325 1919 in
1345 1893 1447 1931 prae·

140 1949 290 1988 donum
309 1947 426 1987 fuisse
446 1954 640 1998 potestate
666 1945 825 2000 scia-tis?
878 1947 942 1984 An
965 1958 1055 1985 vero
1083 1944 1267 1996 ignoratis
1295 1953 1447 1996 portum

141 2013 300 2053 Caietae
328 2011 621 2051 celeberrimum
650 2023 696 2048 ac
725 2001 1178 2060 pienissimum'navium
1206 2009 1446 2059 inspectante

140 2083 317 2127 praetore
349 2088 373 2113 a
409 2073 671 2124 praedonibus
703 2085 787 2111 esse
819 2072 1025 2123 direptum,
1057 2085 1105 2111 ex
1136 2071 1448 2111 Misen0·autem
1468 2093 1501 2117 ‚o

139 2140 222 2180 eius
250 2138 371 2189 ipsius
398 2138 552 2184 liberos,
577 2136 643 2186 qui
670 2149 758 2175 cum
789 2135 1050 2186 praedonibus
1077 2138 1192 2174 antea
1220 2134 1273 2174 ibi
1301 2135 1444 2175 bellum

139 2209 318 2255 gesserat,
356 2215 378 2240 a
415 2200 676 2251 praedonibus
713 2212 798 2238 esse
835 2200 1037 2239 sublatos?
1104 2195 1207 2237 Nam
1243 2198 1337 2248 quid
1373 2211 1447 2249 ego

142 2266 323 2307 Ostiense
338 2265 634 2304 incommodum
653 2272 773 2313 atque
791 2264 896 2303 illam
915 2255 1043 2310 labem
1062 2271 1179 2313 atque
1194 2261 1447 2313 ignominiam

941 2347 962 2369 ’τ’
982 2333 1033 2385 0³15&
