1534 2444
12 544 25 560 ι
68 537 140 560 -”ι

0 1854 116 1915 ῑςίῇ,ο

120 386 142 423 3
160 392 242 424 tum
273 398 343 433 suo
374 384 517 423 iudicio
547 384 796 423 tribuendum
828 397 913 424 esse
943 386 1153 428 duxerunt.¹

160 106 180 131 2
447 93 536 130 DE
573 92 832 131 IMPERIO
874 93 959 131 CN.
998 93 1241 132 POMPEI.
1378 91 1459 146 [12

158 196 317 241 adferre,
334 201 438 234 certe
453 202 503 241 et,
519 193 551 232 si
566 195 660 243 quid
679 193 918 233 auctoritatis
934 194 972 232 in
989 207 1051 233 me
1066 202 1134 241 est,
1152 195 1259 245 apud
1277 207 1346 235 eos
1364 203 1460 245 utar,

159 258 224 308 qui
255 271 340 297 eam
372 258 465 296 mihi
496 258 700 304 dederunt,
735 265 784 304 et,
819 258 849 296 si
882 257 975 307 quid
1005 257 1044 295 in
1075 256 1246 297 dicendo
1274 260 1459 310 consequi

160 335 330 372 possum,
358 321 403 360 iis
429 321 633 359 ostendam
658 320 914 370 potissimum,
942 323 1007 371 qui
1037 321 1072 360 ei
1099 334 1257 372 quoque
1285 322 1339 361 rei
1367 323 1463 362 fruc-

1243 395 1335 436 tque
1365 400 1377 425 ι
1409 400 1432 425 u

161 449 199 487 in
219 449 350 500 primis
370 449 462 487 mihi
483 449 709 487 laetandum
729 447 811 487 iure
829 461 913 488 esse
934 448 1062 503 vid-eo,
1082 450 1189 499 quod
1209 450 1248 488 in
1268 451 1342 488 hac
1362 451 1461 489 inso-

161 514 228 552 lita
246 513 340 552 mihi
359 527 407 552 ex
426 514 501 551 hoc
520 514 609 551 loco
634 512 783 551 ratione
809 513 966 568 dicendi
992 526 1111 563 causa
1135 513 1222 552 talis
1241 514 1371 554 oblata
1391 523 1460 562 est,

163 578 201 616 in
222 590 299 627 qua
317 579 441 616 oratio
461 578 597 615 deesse
617 576 764 615 nemini
783 576 916 627 possit.
970 565 1192 616 Dicendum
1212 587 1270 616 est
1289 578 1393 617 enim
1413 580 1463 618 de

162 642 233 680 Cn.
263 639 632 693 Pompei·singulari
657 638 874 687 eximiaque
899 638 1037 677 virtute
1051 653 1061 686 3
1089 638 1202 678 huius
1226 639 1356 679 aute'm
1383 653 1464 680 ora-

162 704 277 743 tionis
296 704 488 742 difficilius
508 711 566 742 est
592 702 736 742 exitum
762 715 879 751 quam
906 702 1139 752 principium
1165 701 1348 743 invenire.
1407 706 1468 744 Ita

162 767 256 819 mihi
272 780 351 806 non
367 776 446 806 tam
461 767 577 816 copia
592 763 708 817 quam
724 766 865 805 modus
884 766 923 804 in
943 767 1111 821 dicendo
1131 768 1375 816 quaerendus
1395 776 1462 808 est.
1500 790 1517 807 o

184 820 189 821 ⁷
243 832 296 868 II.
352 832 483 880 Atque
508 837 550 868 ut
575 829 668 868 inde
693 826 817 868 oratio
841 841 928 868 mea
948 829 1223 879 proficiscatur,
1243 830 1349 869 unde
1369 831 1464 870 haec

162 894 288 932 omnis
316 906 433 932 causa
461 893 624 949 ducitur,
655 893 799 931 benum
828 906 942 943 grave
975 901 1013 931 et
1033 886 1302 943 “periculosum
1330 895 1464 933 vestris

162 958 413 1010 vectigalibus
432 971 477 995 ac
493 947 608 996 sociis
622 970 644 994 a
659 957 812 995 duobus
827 955 1105 1006 potentissimis
1123 956 1277 1007 regibus
1296 956 1463 1006 insertur,

164 1021 390 1061 Mithridate
408 1029 446 1060 et
466 1021 644 1070 Tigrane,
665 1032 831 1070 quorum
851 1021 946 1058 alter
966 1019 1130 1067 relictus,
1151 1021 1247 1059 alter
1265 1021 1465 1061 lacessitus

162 1086 408 1125 occasionem
435 1083 507 1130 sibi
533 1085 585 1123 ad
609 1084 882 1134 occupandam
908 1083 1041 1122 Asiam
1067 1083 1238 1135 oblatam
1265 1097 1349 1123 esse
1367 1085 1464 1123 arbi·
1485 1107 1516 1131 ι,

162 1157 291 1189 tratur.
314 1191 319 1194 ,
350 1148 557 1198 Equitibus
586 1147 787 1194 Romanis,
809 1147 1091 1186 honestissimis
1118 1139 1219 1195 >viris,
1239 1137 1484 1227 adseruntur)

162 1227 210 1253 ex
227 1213 320 1252 Asia
338 1211 482 1251 cotidie
501 1203 660 1258 litterae,
682 1223 847 1260 quorum
868 1223 1032 1261 magnae
1051 1223 1110 1258 res
1130 1219 1296 1262 aguntur
1319 1211 1359 1251 in
1385 1226 1509 1407 ves-B

162 1278 228 1317 tris
264 1275 515 1326 vectigalibus
552 1274 778 1314 exercendis
814 1282 1028 1324 occupatae
1041 1289 1052 1322 3
1097 1275 1162 1325 qui
1201 1276 1256 1314 'ad
1293 1289 1357 1316 me
1393 1290 1465 1327 pro

163 1338 461 1384 necessitudine,
489 1351 589 1388 quae
617 1336 711 1375 mihi
739 1345 798 1376 est
825 1349 914 1375 cum
944 1337 1011 1394 ilio
1040 1337 1190 1386 ordine,
1221 1340 1466 1394 causam-59}

121 1410 142 1447 5
163 1403 342 1455 publicae
368 1401 615 1452 periculaque
640 1413 767 1439 rerum
794 1413 949 1439 suarum
976 1400 1220 1440 detulerunt:
1245 1391 1465 1464 pithyniae,
1486 1425 1520 1443 ω

163 1480 262 1518 quae
295 1478 400 1505 nunc
434 1473 558 1504 vestra
589 1464 789 1514 provincia
820 1471 889 1510 est,
923 1463 1030 1502 vicos
1062 1473 1218 1504 exustos
1245 1477 1329 1505 esse
1361 1478 1466 1506 com·

162 1535 301 1583 plures,
335 1543 495 1580 regnum
530 1528 811 1575 Ariobarzanis,
846 1529 955 1577 quod
990 1527 1198 1567 finitimum
1236 1537 1294 1568 est
1331 1529 1465 1570 vestris

162 1594 424 1645 vectigalibus,
446 1600 571 1632 totum
591 1605 676 1632 esse
696 1594 736 1631 in
756 1592 926 1639 hostium
946 1598 1139 1643 potestate
1151 1607 1163 1640 ς
1191 1593 1235 1631 L.
1259 1593 1463 1638 Lucullum

163 1660 313 1710 magnis
332 1660 446 1698 rebus
464 1657 582 1708 gestis
600 1658 651 1696 ab
670 1670 718 1696 eo
739 1658 843 1696 bello
868 1657 1070 1696 discedere
1084 1671 1095 1705 ;
1120 1657 1210 1696 huic
1228 1657 1295 1707 qui
1315 1671 1465 1699 succes-

162 1723 264 1770 serit,
284 1735 364 1761 non
385 1721 476 1760 satis
491 1733 577 1760 esse
596 1727 774 1770 paratum
793 1721 843 1759 ad
864 1727 1014 1759 tantum
1032 1721 1177 1760 bellum
1197 1720 1467 1762 administran-
1486 1744 1519 1769 25

162 1787 255 1826 dum
270 1799 282 1834 ς,
322 1798 444 1824 unum
485 1786 535 1823 ab
564 1783 746 1824 omnibus
777 1783 891 1823 sociis
921 1792 959 1824 et
990 1782 1138 1822 civibus
1167 1784 1218 1823 ad
1247 1782 1289 1824 id
1317 1785 1462 1825 bellum

554 1894 648 1904 J--ffffl

163 1914 338 1952 hostibus
358 1912 490 1960 metui,
510 1906 710 1962 praeterea
729 1907 972 1951 neminemM
1020 1950 1025 1958 ,

243 1979 374 2018 Causa
398 1989 499 2027 quae
525 1976 585 2030 sit,
612 1974 773 2015 videtis:
803 1988 918 2022 nunc,
946 1975 1041 2025 quid
1066 1976 1261 2027 agendum
1286 1975 1347 2027 εἰς,
1376 1989 1467 2017 con-

162 2042 338 2081 siderate.
395 2041 566 2079 Primum
593 2040 686 2078 mihi
711 2039 864 2079 videtur
888 2040 939 2079 de
963 2026 1105 2091 genere
1130 2041 1234 2088 belli,
1254 2038 1399 2082 deinde
1416 2042 1468 2083 de
1532 2083 1534 2085 .

162 2105 440 2156 magnitudine,
461 2111 544 2143 tum
563 2105 614 2143 de
634 2104 864 2157 imperatore
883 2103 1092 2154 deligendo
1110 2116 1195 2143 esse
1213 2103 1435 2145 dicendum.
1527 2125 1529 2127 ·

242 2151 566 2207 Gen‘ffisTb‘eni
585 2167 668 2206 eius
688 2153 935 2219 mmcd
962 2167 1129 2214 maxime
1147 2174 1296 2208 vestros
1312 2168 1465 2209 animos

163 2232 328 2272 excitare
352 2237 469 2281 atque
495 2230 733 2286 inflammare
757 2231 809 2270 ad
829 2230 1086 2280 persequendi
1106 2230 1278 2270 studium
1298 2231 1464 2281 dean
1524 2225 1534 2275 *i

845 2280 1372 2341 Ἧ-ΜΜἸΜ
1448 2289 1534 2444 κ]

342 2337 371 2357 Χ
