1534 2444
147 121 194 146 20
365 107 454 144 DE
491 106 753 144 IMPERIO
793 106 879 144 CN.
914 105 1157 144 POMPEI.
1215 102 1451 156 [XV11154

144 211 195 250 ad
214 217 383 250 nostram
410 209 637 249 memoriam
658 208 863 259 disciplina
888 208 1034 247 navalis
1053 216 1092 247 et
1117 207 1237 258 gloria
1255 207 1449 255 remansit,

145 286 245 323 quae
277 273 422 320 civitas,
453 272 626 323 inquam,
657 279 772 311 antea
805 278 883 311 tam
917 272 1053 319 tenuis,
1085 283 1186 321 quae
1219 277 1298 309 tam
1335 282 1453 321 parva

146 336 269 375 insula
287 336 370 384 fuit,
392 349 491 386 quae
511 349 592 375 non
611 343 744 386 portus
763 348 854 374 suos
873 343 910 374 et
930 347 1041 384 agros
1060 341 1099 373 et
1117 334 1286 384 aliquam
1306 342 1453 383 partem

146 400 314 451 regionis
333 408 451 450 atque
476 413 567 439 orae
592 399 805 438 maritimae
830 412 898 450 per
924 411 964 437 se
984 398 1069 448 ipsa
1094 398 1348 437 defenderet?
1402 399 1455 435 At

147 465 302 504 hercule
329 464 477 513 aliquot
505 476 629 502 annos
657 462 864 502 continuos
889 468 980 500 ante
1006 463 1131 511 legem
1157 460 1365 500 Gabiniam
1391 459 1454 499 ille
1474 480 1489 504 ⁵

148 529 314 578 populus
353 529 567 575 Romanus,
606 526 716 565 cuius
760 539 882 576 usque
925 526 976 564 ad
1018 532 1188 564 nostram
1226 523 1453 563 memoriam

149 584 294 631 nomen
324 590 510 630 invictum
541 591 581 628 in
615 590 815 628 navalibus
845 590 985 639 pugnis
1022 588 1284 638 permanserit,
1317 600 1457 637 magna

148 669 196 696 ac
221 657 344 695 multo
370 655 539 694 maxima
564 662 673 705 parte
699 667 779 693 non
805 654 927 692 modo
953 652 1139 700 utilitatis,
1160 652 1230 691 sed
1258 651 1457 701 dignitatis

85 726 130 763 55
149 728 266 770 atque
302 718 453 769 imperii
491 717 612 757 caruit
625 731 636 766 ;
683 731 764 765 nos,
805 729 968 766 quorum
1012 715 1174 754 maiores
1218 715 1456 754 Antiochum

150 798 280 835 regem
306 786 429 823 classe
455 785 693 833 Persemque
718 789 948 832 superarunt
973 779 1235 830 omnibusque
1260 778 1460 817 navalibus
1483 799 1512 816 ιο

151 848 292 900 pugnis
318 847 670 897 Carthaginienses,
693 845 871 884 homines
891 844 931 883 in
958 843 1158 882 maritimis
1184 844 1298 882 rebus
1317 841 1457 881 exerci-

151 911 360 951 tatissimos
393 910 744 961 paratissimosque,
777 909 961 956 vicerunt,
994 907 1020 946 ii
1053 908 1160 946 nullo
1193 906 1232 944 in
1262 907 1351 945 loco
1383 905 1457 943 iam

151 976 414 1027 praedonibus
453 987 565 1024 pares
603 986 688 1013 esse
725 980 972 1023 poteramus;
1010 985 1092 1020 nos,
1126 970 1193 1021 qui
1229 977 1344 1009 antea
1379 982 1460 1008 non

152 1042 271 1080 modo
316 1040 469 1079 Italiam
506 1047 630 1078 tutam
678 1038 932 1085 habebamus,
971 1037 1039 1075 sed
1083 1048 1222 1075 omnes
1257 1033 1384 1074 socios
1421 1034 1460 1072 in

152 1105 296 1144 ultimis
315 1105 391 1144 oris
417 1103 646 1143 auctoritate
665 1102 786 1141 nostri
813 1101 963 1152 imperii
988 1101 1116 1139 salvos
1140 1106 1333 1150 praestare
1356 1107 1464 1148 pote·
1485 1119 1514 1142 ¹5

152 1184 291 1219 ramus,
334 1177 428 1218 tum,
467 1182 557 1208 cum
595 1169 723 1207 insula
760 1168 883 1206 Delos
919 1173 998 1204 tam
1037 1164 1172 1214 procul
1209 1177 1233 1202 a
1269 1162 1383 1202 nobis
1421 1163 1461 1200 in

154 1236 311 1284 Aegaeo
348 1231 444 1271 mari
481 1231 618 1281 posita,
654 1243 734 1280 quo
767 1242 905 1268 omnes
938 1228 1112 1277 undique
1145 1239 1235 1266 cum
1269 1225 1462 1265 mercibus

153 1306 270 1348 atque
306 1297 489 1336 oneribus
525 1296 812 1343 commeabant,
850 1295 987 1333 referta
1024 1292 1178 1339 divitiis,
1213 1304 1342 1341 parva,
1380 1290 1462 1330 sine

155 1374 278 1406 muro,
299 1360 395 1398 nihil
423 1358 598 1406 timebat,
619 1357 724 1397 idem
751 1370 832 1397 non
860 1358 981 1396 modo
1009 1355 1217 1406 provinciis
1244 1363 1360 1405 atque
1388 1355 1464 1394 oris

157 1425 293 1465 Italiae
318 1423 517 1463 maritimis
541 1435 588 1462 ac
613 1422 802 1472 portubus
828 1421 980 1470 nostris,
1002 1421 1073 1460 sed
1092 1421 1215 1459 etiam
1235 1419 1365 1469 Appia
1388 1418 1464 1457 iam
1485 1439 1518 1458 20

155 1489 219 1529 via
236 1489 464 1528 carebamus
478 1502 489 1536 3
518 1494 557 1526 et
583 1487 628 1526 iis
655 1486 898 1536 temporibus
924 1498 1005 1524 non
1029 1485 1203 1535 pudebat
1223 1483 1465 1534 magistratus

156 1553 291 1605 populi
316 1551 488 1592 Romani
514 1551 553 1590 in
574 1553 679 1590 hunc
705 1551 832 1600 ipsum
861 1552 989 1589 locum
1019 1550 1239 1595 escendere,
1261 1561 1350 1587 cum
1375 1561 1465 1587 eum

156 1616 270 1657 nobis
285 1616 450 1655 maiores
464 1623 553 1655 nost
576 1614 583 1621 '
628 1614 751 1653 xuviis
770 1613 934 1652 nauticis
949 1621 988 1652 et
1006 1613 1185 1652 classium
1207 1610 1339 1662 spoliis
1358 1624 1467 1650 orna-

91 1686 139 1724 56
156 1689 240 1722 tum
259 1681 504 1732 reliquissent
584 1681 621 1718 X
649 1681 695 1717 X.
737 1680 851 1717 Bono
870 1685 908 1716 te
927 1676 1060 1715 animo
1080 1685 1172 1721 tum,
1193 1677 1242 1725 Q.
1267 1674 1464 1722 Hortensi,

156 1747 326 1797 populus
346 1747 549 1785 Romanus
576 1751 615 1783 et
633 1751 796 1790 ceteros,
818 1741 886 1792 qui
911 1749 1020 1780 erant
1040 1741 1080 1779 in
1105 1741 1244 1779 eadem
1265 1738 1466 1785 sententia,
1489 1758 1520 1784 25

157 1812 287 1852 dicere
307 1810 539 1851 existimavit
559 1823 615 1858 ea,
639 1821 740 1859 quae
766 1805 991 1847 sentiebatis
1006 1819 1016 1853 ς
1046 1805 1115 1844 sed
1135 1812 1267 1844 tamen
1286 1804 1326 1843 in
1344 1804 1467 1843 salute

158 1874 359 1916 communi
386 1874 492 1914 idem
517 1874 687 1924 populus
716 1874 922 1911 Romanus
947 1868 1073 1908 dolori
1098 1882 1169 1908 suo
1197 1867 1331 1908 maluit
1350 1879 1468 1918 quam

158 1938 378 1980 auctoritati
400 1945 550 1977 vestrae
575 1939 857 1985 obtemperare.
916 1935 1056 1984 Itaque
1080 1946 1158 1971 una
1182 1934 1257 1980 lex,
1275 1943 1376 1971 unus
1401 1929 1467 1978 vir,

159 2018 260 2045 unus
278 2017 403 2044 annus
433 2016 514 2042 non
534 2003 654 2041 modo
679 2013 752 2040 nos
780 1999 846 2038 illa
864 1998 1017 2038 miseria
1041 2011 1087 2038 ac
1115 1996 1351 2049 turpitudine
1378 1994 1470 2035 libe-

158 2069 266 2118 ravit,
284 2069 354 2108 sed
373 2067 489 2107 etiam
510 2066 650 2113 effecit,
668 2064 935 2114 utaliquando
953 2075 1043 2102 vere
1057 2063 1275 2101 videremur
1291 2058 1473 2100 omnibus
1491 2079 1525 2104 ³0

95 2141 143 2179 57
159 2132 341 2185 gentibus
366 2145 413 2171 ac
431 2130 658 2170 nationibus
684 2138 784 2168 terra
812 2127 985 2177 marique
1010 2125 1208 2176 imperare.
1265 2124 1357 2174 Quo
1376 2121 1471 2163 mihi

161 2197 278 2237 etiam
310 2195 506 2246 indignius
537 2193 689 2233 videtur
721 2193 979 2231 obtrectatum
1012 2201 1097 2229 esse
1128 2188 1266 2236 adhuc,
1301 2185 1472 2227 Gabinio

162 2261 292 2301 dicam
324 2272 427 2298 anne
461 2257 652 2308 Pompeio
684 2269 734 2295 an
768 2254 932 2306 utrique,
962 2253 1004 2293 id
1031 2253 1140 2303 quod
1171 2259 1230 2292 est
1256 2251 1393 2301 verius,
1422 2262 1473 2290 ne
