1534 2444
119 116 241 154 XXII
264 113 331 167 64]
390 115 479 152 DE
515 114 780 152 IMPERIO
822 114 906 152 CN.
948 113 1197 152 POMPEI.
1397 122 1445 160 23

119 219 337 258 mitteretur
348 220 366 256 ?
385 217 525 256 missus
541 225 611 256 est.
658 217 749 266 Quo
765 217 926 266 quidem
943 223 1122 266 tempore
1137 228 1228 254 cum
1245 221 1348 254 esset
1364 227 1446 254 non

120 295 239 321 nemo
260 282 300 319 in
320 288 469 329 senatu,
493 279 559 330 qui
589 279 736 319 diceret
767 284 871 319 ‘non
901 286 1081 330 oportere
1111 277 1213 318 mitti
1241 278 1444 318 hominem

119 347 312 398 privatum
339 359 409 396 pro
435 346 623 391 consule‚'
651 346 694 383 L.
725 344 931 395 Philippus
951 344 1096 383 dixisse
1116 343 1258 383 dicitur
1278 347 1382 382 ‘non
1402 356 1444 382 se

120 411 228 450 illum
249 424 320 449 sua
339 410 533 450 sententia
554 422 624 459 pro
644 411 817 456 consule,
839 410 908 449 sed
930 422 1000 459 pro
1020 409 1248 448 consulibus
1268 407 1446 447 mittere.²

83 498 98 522 5
118 478 248 516 Tanta
268 475 307 514 in
329 489 377 515 eo
398 476 451 515 rei
471 475 655 525 publicae
675 476 778 514 bene
796 476 993 525 gerendae
1013 488 1102 525 spes
1121 473 1443 520 constituebatur,

118 547 160 578 ut
179 539 347 578 duorum
368 539 575 577 consulum
597 551 740 576 munus
767 538 882 576 unius
905 536 1168 577 adulescentis
1187 536 1318 575 virtuti
1335 549 1444 576 com-

119 601 344 640 mitteretur.
404 600 512 649 Quid
541 608 621 639 tam
651 599 857 650 singulare,
880 613 1000 650 quam
1026 607 1069 638 ut
1094 612 1142 638 ex
1167 607 1326 639 senatus
1352 611 1444 637 con-

120 667 223 705 sulto
250 666 399 716 legibus
427 667 577 704 solutus
604 666 743 704 consul
769 673 861 704 ante
887 667 1008 712 fieret,
1030 678 1150 716 quam
1170 665 1294 703 ullum
1320 665 1441 703 alium

119 731 385 781 magistratum
415 743 484 780 per
512 731 617 779 leges
646 742 786 779 capere
816 729 1017 768 licuisset?
1045 728 1142 779 quid
1171 737 1252 767 tam
1281 727 1443 768 incredi-

68 818 99 834 ιο
118 795 208 842 bile,
229 808 347 845 quam
373 802 416 834 ut
440 794 581 834 iterum
609 807 731 844 eques
760 796 966 833 Romanus
995 807 1044 833 ex
1072 801 1232 833 senatus
1260 795 1443 833 consulto

119 860 404 909 triumpharet?
465 860 577 908 Quae
615 858 655 896 in
694 858 880 897 omnibus
927 858 1154 897 hominibus
1202 871 1306 898 nova
1351 867 1443 909 post

119 924 324 964 hominum
359 923 589 962 memoriam
622 923 837 962 constituta
871 931 972 971 sunt,
1008 937 1055 962 ea
1090 931 1169 962 tam
1204 925 1328 962 multa
1360 937 1442 962 non

119 993 209 1024 sunt
229 997 349 1035 quam
369 985 480 1030 haee,
501 975 603 1034 quae
623 983 663 1022 in
683 985 761 1023 hoc
780 997 860 1022 uno
881 985 1042 1023 homine
1062 984 1252 1024 videmus.
1307 987 1442 1035 Atque
1462 990 1510 1028 63

119 1053 215 1090 haec
242 1058 300 1089 tot
325 1051 505 1100 exempla
531 1058 640 1089 tanta
664 1063 710 1088 ac
736 1058 815 1088 tam
844 1063 948 1088 nova
973 1051 1150 1099 profecta
1175 1057 1266 1088 sunt
1292 1049 1332 1088 in
1352 1063 1443 1089 eun-

67 1139 97 1163 15
116 1118 207 1157 dem
241 1116 442 1155 hominem
475 1130 498 1154 a
532 1117 580 1164 Q.
619 1115 752 1155 Catuli
788 1123 909 1165 atque
945 1129 968 1153 a
1005 1123 1224 1154 ceterorum
1264 1114 1441 1154 eiusdem

118 1181 316 1232 dignitatis
335 1180 661 1231 amplissimorum
683 1181 889 1219 hominum
909 1183 1152 1220 auctoritate.

196 1247 333 1285 XXII.
391 1246 521 1295 Quare
542 1245 715 1292 videant,
738 1258 787 1284 ne
814 1245 863 1285 sit
888 1246 1137 1297 periniquum
1158 1254 1198 1286 et
1219 1260 1299 1286 non
1320 1248 1442 1286 feren-

117 1313 211 1350 dum
233 1311 386 1350 illorum
406 1311 679 1349 auctoritatem
703 1311 753 1349 de
781 1311 854 1350 Cn.
884 1312 1051 1362 Pompei
1077 1312 1268 1363 dignitate
1287 1326 1310 1351 a
1330 1312 1442 1351 vobis

117 1377 412 1426 comprobatam
452 1388 608 1424 semper
645 1388 741 1422 esse,
782 1383 952 1414 vestrum
989 1377 1040 1415 ab
1078 1377 1153 1416 illis
1200 1378 1251 1416 de
1298 1377 1439 1415 eodem

65 1463 97 1480 20
114 1441 275 1480 homine
290 1440 478 1479 iudicium
494 1439 711 1491 populique
728 1441 901 1480 Romani
921 1443 1194 1482 auctoritatem
1215 1443 1440 1493 improbari,

117 1505 342 1557 praesertim
378 1518 467 1543 cum
501 1505 579 1543 iam
614 1518 686 1544 suo
721 1506 801 1545 iure
835 1508 1006 1558 populus
1041 1509 1248 1547 Romanus
1286 1507 1326 1546 in
1363 1509 1440 1547 hoc

117 1569 276 1609 homine
304 1582 413 1607 suam
441 1569 716 1623 auctoritatem
746 1571 807 1609 vel
837 1578 974 1610 contra
1007 1584 1157 1620 omnes,
1193 1571 1260 1621 qui
1294 1571 1441 1611 dissen-

115 1635 226 1682 tiunt,
244 1633 369 1684 possit
383 1634 607 1683 defendere,
625 1642 833 1685 propterea
847 1637 956 1686 quod
978 1635 1101 1675 isdem
1125 1636 1206 1675 istis
1226 1638 1441 1675 reclaman-

116 1700 221 1738 tibus
247 1711 316 1737 vos
346 1711 469 1737 unum
498 1699 606 1737 illum
635 1712 683 1738 ex
711 1700 897 1739 omnibus
931 1701 1143 1751 delegistis,
1180 1714 1299 1752 quem
1333 1703 1439 1741 bello

63 1785 95 1809 25
115 1764 359 1814 praedonum
379 1764 681 1813 praeponeretis.
742 1766 835 1802 Hoc
855 1765 886 1803 si
907 1778 976 1804 vos
996 1773 1141 1804 temere
1162 1766 1306 1805 fecistis
1326 1774 1364 1805 et
1384 1767 1439 1805 rei
1457 1774 1507 1812 64

117 1828 297 1878 publicae
331 1840 468 1877 parum
502 1828 764 1876 consuluistis,
800 1838 906 1868 recte
940 1830 1002 1868 isti
1036 1830 1166 1869 studia
1199 1839 1327 1870 vestra
1360 1832 1438 1870 suis

117 1892 289 1933 consiliis
318 1905 449 1943 regere
480 1902 695 1942 conantur;
728 1894 786 1932 sin
818 1902 950 1934 autem
983 1908 1051 1934 vos
1084 1896 1172 1945 plus
1206 1903 1291 1935 tum
1324 1897 1364 1935 in
1397 1911 1439 1937 re

116 1957 274 2008 publica
302 1955 463 2002 vidistis,
498 1969 567 1995 vos
601 1956 646 1995 iis
683 1959 992 2008 repugnantibus
1031 1973 1101 2009 per
1139 1969 1293 2000 vosmet
1330 1961 1438 2012 ipsos

117 2021 344 2073 dignitatem
375 2021 468 2059 huic
498 2021 672 2071 imperio,
706 2024 871 2062 salutem
905 2023 988 2062 orbi
1022 2031 1208 2063 terrarum
1242 2026 1436 2074 attulistis,

66 2108 98 2132 30
114 2087 327 2137 aliquando
364 2085 425 2124 isti
455 2086 650 2137 principes
681 2094 719 2125 et
750 2076 824 2126 sibi
855 2095 894 2127 et
924 2089 1063 2127 ceteris
1093 2090 1231 2141 populi
1263 2091 1437 2130 Romani

116 2150 283 2190 universi
302 2150 523 2189 auctoritati
544 2151 763 2200 parendum
785 2165 869 2191 esse
889 2153 1094 2192 fateantur.

196 2218 328 2265 Atque
347 2215 387 2254 in
408 2216 484 2254 hoc
503 2216 608 2254 bello
629 2215 803 2255 Asiatico
824 2225 862 2255 et
881 2217 988 2267 regio
1009 2231 1089 2257 non
1111 2220 1237 2258 solum
1261 2221 1436 2260 militaris

118 2279 183 2319 illa
211 2280 344 2327 virtus,
374 2292 474 2330 quae
503 2287 562 2319 est
595 2281 635 2318 in
666 2281 739 2320 Cn.
770 2281 963 2332 Pompeio
993 2282 1209 2333 singularis,
1238 2286 1309 2324 sed
1338 2285 1437 2325 aliae
