1534 2444
113 107 146 146 ,8
377 105 464 142 DE
502 104 762 143 IMPERIO
801 104 888 142 CN.
929 103 1169 142 POMPEI.
1233 100 1352 154 [vm
1379 116 1427 141 πο

121 216 159 248 et
179 207 347 258 sapienti
372 206 521 246 homini
541 215 580 245 et
605 219 750 257 magno
777 206 998 256 imperatori
1016 206 1216 252 debeatur,
1237 205 1327 245 dico
1344 205 1427 245 eius

121 274 291 312 adventu
314 272 501 310 maximas
529 270 869 347 Μἰῑὶῑῃίρε-ἰὲιτἰάξιξὲὣίχ
930 270 1112 309 omnibus
1136 270 1250 308 rebus
1274 276 1428 308 ornatas

122 344 240 387 atque
265 336 468 375 instructas
495 334 624 383 fuisse,
644 335 858 386 urbemque
920 334 1001 373 siae
1025 334 1275 373 clarissimam
1302 332 1430 373 nobis-

123 413 200 450 que
224 399 496 439 amicissimam
525 398 807 450 Cyzicenorum
834 400 1032 438 obsessam
1052 412 1137 438 esse
1162 400 1213 438 ab
1232 398 1318 449 ipso
1341 411 1429 449 rege

123 466 291 503 maxima
316 463 564 502 multitudine
591 470 629 501 et
649 471 913 513 oppugnatam
929 463 1290 517 vehementissime,
1311 476 1427 514 quam
1450 482 1465 507 ς

125 529 167 565 L.
191 528 376 566 Lucullus
401 525 551 574 virtute,
570 520 815 589 assiduitate,
837 527 1002 567 consilio
1030 529 1189 567 summis
1215 528 1429 593 obsidionis

57 597 105 635 21
123 591 302 642 periculis
331 590 530 636 liberavit;
556 591 608 630 ab
635 591 776 630 eodem
804 591 1035 641 imperatore
1061 593 1224 630 classem
1250 594 1431 641 ma'gnam

125 663 163 696 et
200 663 389 702 ornatam,
423 667 524 704 quae
557 655 722 694 ducibus
758 655 987 694 Sertorianis
1023 656 1072 695 ad
1110 655 1263 694 Italiam
1301 655 1431 694 studio

125 721 365 759 inflammata
402 727 607 769 raperetur,
647 728 868 769 superatam
906 733 991 759 esse
1028 727 1146 769 atque
1182 720 1404 774 depressam
1420 732 1432 766 ;

125 797 284 835 magnas
303 784 472 823 hostium
493 792 693 834 praeterea
707 783 840 834 copias
859 784 990 822 multis
1009 783 1164 834 proeliis
1183 795 1267 822 esse
1285 784 1433 832 deletas
1455 804 1485 821 ιο

126 850 440 900 patefactumque
471 848 612 887 nostris
640 848 859 898 legionibus
889 859 974 886 esse
1008 849 1190 895 Pontum,
1219 845 1285 897 qui
1317 833 1433 885 antea

126 914 274 963 populo
308 915 491 952 Romano
523 925 569 951 ex
601 911 709 951 omni
741 911 848 951 aditu
880 913 1035 951 clausus
1066 911 1223 960 fuisset;
1259 911 1432 961 Sinopen

126 984 244 1027 atque
281 976 471 1023 Amisum,
503 977 644 1026 quibus
682 975 720 1014 in
755 975 912 1026 oppidis
949 983 1058 1015 erant
1094 974 1291 1015 domicilia
1322 975 1432 1026 regis,

127 1041 308 1081 omnibus
336 1042 452 1081 rebus
481 1049 634 1081 ornatas
663 1054 709 1079 ac
737 1041 894 1080 refertas
921 1047 1146 1089 ceterasque
1174 1041 1288 1079 urbes
1319 1039 1432 1078 Ponti

126 1114 166 1146 et
208 1105 486 1156 Cappadociae
530 1105 740 1155 permultas
785 1117 866 1143 uno
908 1103 1015 1142 aditu
1059 1104 1307 1153 adventuque
1350 1114 1435 1141 esse
1456 1123 1486 1146 ις,

127 1178 261 1220 captas
274 1183 284 1217 3
312 1181 442 1219 regem
469 1165 677 1218 spoliatum
703 1180 822 1218 regno
846 1167 972 1221 patrio
998 1175 1115 1220 atque
1140 1168 1244 1206 avito
1269 1167 1319 1206 ad
1338 1167 1434 1206 alios

127 1247 170 1273 se
194 1246 303 1284 reges
328 1240 445 1283 atque
464 1233 515 1271 ad
540 1231 634 1271 alias
659 1240 794 1282 gentes
813 1231 1030 1281 supplicem
1055 1231 1267 1270 contulisse
1280 1245 1291 1278 ;
1317 1238 1434 1280 atque

127 1299 226 1338 haec
244 1297 378 1337 omnia
396 1296 510 1336 salvis
530 1295 664 1346 populi
686 1295 854 1335 Romani
875 1294 989 1334 sociis
1008 1291 1302 1345 atque'integris
1320 1294 1435 1333 vecti-

127 1362 278 1413 galibus
307 1374 393 1400 esse
424 1368 542 1411 gesta.
600 1359 700 1399 Satis
730 1359 872 1409 opinor
907 1360 1005 1397 haec
1036 1371 1121 1397 esse
1153 1357 1288 1404 laudis,
1319 1364 1435 1407 atque

129 1427 192 1474 ita,
224 1425 405 1475 Quirites,
436 1431 478 1462 ut
507 1424 584 1462 hoc
611 1435 682 1476 vos
710 1421 955 1472 intellegatis,
984 1434 1007 1460 a
1035 1422 1144 1460 nullo
1170 1420 1343 1468 istorum,
1372 1420 1439 1470 qui
1458 1441 1490 1458 ω

129 1490 221 1529 huic
246 1491 466 1528 obtrectant
485 1486 559 1545 legi
585 1494 702 1538 atque
727 1498 879 1531 causae,
903 1487 945 1523 L.
968 1486 1174 1537 Lucullum
1200 1481 1373 1524 similiter
1390 1497 1439 1523 ex

129 1554 206 1593 hoc
224 1554 319 1610 locq
332 1549 417 1595 esse
434 1552 699 1607 laudatumgj
1004 1545 1064 1603 4⁴¹⁴,
1085 1547 1161 1603 ΝΚ

62 1621 111 1659 22
211 1618 283 1656 IX.
341 1616 578 1676 Requirqgur
602 1612 764 1653 fortasse
785 1611 907 1660 nunc,
918 1604 1046 1667 [quern
1073 1605 1124 1651 ad
1153 1598 1329 1663 modum)
1346 1624 1437 1650 curn

131 1684 228 1722 haec
247 1681 300 1720 ita
319 1679 407 1727 sint,
427 1679 617 1730 reliquum
638 1678 760 1729 possit
779 1683 961 1728 magnum
981 1690 1067 1717 esse
1086 1678 1242 1716 bellum.
1285 1677 1439 1727 Cogno·

133 1746 240 1792 scite,
272 1743 468 1794 Quirites3
501 1756 582 1782 non
612 1742 716 1782 enim
749 1742 826 1781 hoc
859 1741 942 1780 sine
974 1753 1090 1780 causa
1117 1739 1247 1791 quaeri
1277 1740 1438 1779 videtur.
1460 1761 1492 1784 25

134 1809 306 1849 Primum
326 1821 373 1847 ex
393 1820 464 1846 suo
482 1819 603 1858 regno
622 1805 677 1846 sic
698 1805 946 1844 Mithridates
970 1804 1151 1855 profugit,
1171 1812 1215 1843 ut
1233 1817 1280 1843 ex
1297 1804 1436 1843 eodem

134 1876 262 1914 Ponto
283 1872 430 1911 Medea
448 1871 514 1910 illa
531 1870 731 1927 quondam
751 1869 964 1920 profugisse
983 1868 1134 1915 dicitur,
1154 1881 1272 1918 quam
1292 1868 1440 1919 praedi-

133 1938 224 1977 cant
248 1937 289 1975 in
307 1937 398 1986 fuga
423 1934 546 1974 fratris
570 1933 630 1974 sui
658 1934 833 1973 membra
860 1933 900 1971 in
926 1932 972 1971 iis
1000 1932 1106 1978 locis,
1127 1926 1273 1982 qua’se
1299 1945 1440 1983 parens

134 2007 438 2053 persequeretur,
477 1997 737 2052 dissipavisse,
776 2004 818 2036 ut
859 2009 995 2036 eorum
1041 1995 1221 2036 collectio
1265 1996 1440 2046 dispersa

134 2077 364 2114 maerorque
389 2063 536 2114 patrius
561 2061 796 2101 celeritatem
822 2060 1085 2113 persequendi
1104 2058 1322 2098 retardaret.
1379 2059 1443 2098 Sic
1461 2080 1494 2104 ,ο

135 2128 382 2169 Mithridates
414 2127 564 2177 fugiens
596 2125 803 2164 maximam
832 2124 909 2163 vim
937 2123 1017 2162 auri
1045 2130 1162 2173 atque
1186 2122 1331 2172 argenti
1358 2123 1441 2173 pul·
1503 2159 1505 2161 .

134 2192 487 2241 cherrimarumque
515 2201 639 2229 rerum
668 2187 857 2236 omnium,
878 2200 975 2238 quas
998 2194 1037 2226 et
1055 2200 1079 2226 a
1103 2186 1312 2225 maioribus
1335 2199 1443 2226 aece-

135 2265 244 2308 perat
263 2263 303 2295 et
327 2254 411 2305 ipse
437 2252 541 2293 bello
567 2252 763 2303 superiore
782 2266 829 2291 ex
854 2259 937 2290 tota
955 2250 1243 2318 Asia‘direptas
1268 2248 1308 2287 in
1327 2260 1442 2289 suum
1502 2239 1534 2318 Ξ

1447 2411 1534 2444 stt}
