<?xml version="1.0" encoding="UTF-8"?>
<!DOCTYPE html PUBLIC "-//W3C//DTD XHTML 1.0 Transitional//EN"
    "http://www.w3.org/TR/xhtml1/DTD/xhtml1-transitional.dtd">
<html xmlns="http://www.w3.org/1999/xhtml" xml:lang="en" lang="en">
 <head>
  <title>
</title>
<meta http-equiv="Content-Type" content="text/html;charset=utf-8" />
  <meta name='ocr-system' content='tesseract 3.04.00' />
  <meta name='ocr-capabilities' content='ocr_page ocr_carea ocr_par ocr_line ocrx_word'/>
</head>
<body>
  <div class='ocr_page' id='page_1' title='image "./oratiodeimperioc00ciceuoft/oratiodeimperioc00ciceuoft_0035.png"; bbox 0 0 1534 2444; ppageno 0'>
   <div class='ocr_carea' id='block_1_1' title="bbox 93 73 1468 134">
    <p class='ocr_par' dir='ltr' id='par_1_1' title="bbox 93 73 1468 134">
     <span class='ocr_line' id='line_1_1' title="bbox 93 73 1468 134; baseline -0.007 -13"><span class='ocrx_word' id='word_1_1' title='bbox 93 83 154 122; x_wconf 92' lang='lat' dir='ltr'><strong>IV</strong></span> <span class='ocrx_word' id='word_1_2' title='bbox 173 79 215 134; x_wconf 91' lang='lat'><strong>9]</strong></span> <span class='ocrx_word' id='word_1_3' title='bbox 346 79 435 118; x_wconf 91' lang='lat' dir='ltr'><strong>DE</strong></span> <span class='ocrx_word' id='word_1_4' title='bbox 472 75 741 116; x_wconf 85' lang='lat' dir='ltr'><em>IMPERIO</em></span> <span class='ocrx_word' id='word_1_5' title='bbox 783 75 871 114; x_wconf 87' lang='lat' dir='ltr'><strong>CN.</strong></span> <span class='ocrx_word' id='word_1_6' title='bbox 917 73 1160 110; x_wconf 78' lang='lat' dir='ltr'><em>POMPEI.</em></span> <span class='ocrx_word' id='word_1_7' title='bbox 1401 78 1468 119; x_wconf 73' lang='lat'><strong>33.</strong></span> 
     </span>
    </p>
   </div>
   <div class='ocr_carea' id='block_1_2' title="bbox 15 174 1534 2254">
    <p class='ocr_par' dir='ltr' id='par_1_2' title="bbox 15 174 1534 2254">
     <span class='ocr_line' id='line_1_2' title="bbox 92 174 1404 236; baseline -0.008 -12"><span class='ocrx_word' id='word_1_8' title='bbox 92 186 133 224; x_wconf 92' lang='lat' dir='ltr'><strong>in</strong></span> <span class='ocrx_word' id='word_1_9' title='bbox 152 197 232 236; x_wconf 89' lang='lat' dir='ltr'><strong>quo</strong></span> <span class='ocrx_word' id='word_1_10' title='bbox 252 182 379 234; x_wconf 86' lang='lat' dir='ltr'><strong>agitur</strong></span> <span class='ocrx_word' id='word_1_11' title='bbox 398 180 534 232; x_wconf 91' lang='lat' dir='ltr'><strong>populi</strong></span> <span class='ocrx_word' id='word_1_12' title='bbox 555 179 728 219; x_wconf 89' lang='lat' dir='ltr'><strong>Romani</strong></span> <span class='ocrx_word' id='word_1_13' title='bbox 748 177 872 230; x_wconf 87' lang='lat' dir='ltr'><strong>gloria</strong></span> <span class='ocrx_word' id='word_1_14' title='bbox 898 189 1000 227; x_wconf 88' lang='lat' dir='ltr'><strong>quae</strong></span> <span class='ocrx_word' id='word_1_15' title='bbox 1021 175 1134 215; x_wconf 90' lang='lat' dir='ltr'><strong>vobis</strong></span> <span class='ocrx_word' id='word_1_16' title='bbox 1162 188 1186 214; x_wconf 88' lang='lat' dir='ltr'><strong>a</strong></span> <span class='ocrx_word' id='word_1_17' title='bbox 1209 174 1404 214; x_wconf 88' lang='lat' dir='ltr'><strong>maioribu</strong></span> 
     </span>
     <span class='ocr_line' id='line_1_3' title="bbox 92 232 1534 302; baseline -0.007 -13"><span class='ocrx_word' id='word_1_18' title='bbox 92 263 181 302; x_wconf 55' lang='lat' dir='ltr'><strong>egl-m</strong></span> <span class='ocrx_word' id='word_1_19' title='bbox 212 243 353 298; x_wconf 60' lang='lat' dir='ltr'><strong>magna</strong></span> <span class='ocrx_word' id='word_1_20' title='bbox 382 247 421 285; x_wconf 89' lang='lat' dir='ltr'><strong>in</strong></span> <span class='ocrx_word' id='word_1_21' title='bbox 451 246 636 285; x_wconf 91' lang='lat' dir='ltr'><strong>omnibus</strong></span> <span class='ocrx_word' id='word_1_22' title='bbox 666 244 793 290; x_wconf 87' lang='lat' dir='ltr'><strong>rebus,</strong></span> <span class='ocrx_word' id='word_1_23' title='bbox 824 251 908 299; x_wconf 57' lang='grc' dir='ltr'><strong>(μω</strong></span> <span class='ocrx_word' id='word_1_24' title='bbox 943 254 1098 280; x_wconf 89' lang='lat' dir='ltr'><strong>summa</strong></span> <span class='ocrx_word' id='word_1_25' title='bbox 1125 240 1167 279; x_wconf 88' lang='lat' dir='ltr'><strong>in</strong></span> <span class='ocrx_word' id='word_1_26' title='bbox 1195 254 1236 280; x_wconf 91' lang='lat' dir='ltr'><strong>re</strong></span> <span class='ocrx_word' id='word_1_27' title='bbox 1267 240 1409 279; x_wconf 83' lang='lat' dir='ltr'><strong>militar</strong></span> <span class='ocrx_word' id='word_1_28' title='bbox 1448 232 1534 279; x_wconf 55' lang='lat' dir='ltr'><strong>‘&#39;⁹&#39;AE</strong></span> 
     </span>
     <span class='ocr_line' id='line_1_4' title="bbox 94 306 1398 365; baseline -0.008 -11"><span class='ocrx_word' id='word_1_29' title='bbox 94 314 236 355; x_wconf 88' lang='lat' dir='ltr'><strong>tradita</strong></span> <span class='ocrx_word' id='word_1_30' title='bbox 273 322 357 362; x_wconf 84' lang='lat' dir='ltr'><strong>est;</strong></span> <span class='ocrx_word' id='word_1_31' title='bbox 398 311 525 365; x_wconf 75' lang='lat' dir='ltr'><strong>agitur</strong></span> <span class='ocrx_word' id='word_1_32' title='bbox 561 312 666 349; x_wconf 89' lang='lat' dir='ltr'><strong>salus</strong></span> <span class='ocrx_word' id='word_1_33' title='bbox 705 309 902 348; x_wconf 92' lang='lat' dir='ltr'><strong>sociorum</strong></span> <span class='ocrx_word' id='word_1_34' title='bbox 937 315 1056 356; x_wconf 88' lang='lat' dir='ltr'><strong>atque</strong></span> <span class='ocrx_word' id='word_1_35' title='bbox 1090 306 1318 353; x_wconf 85' lang='lat' dir='ltr'><strong>amicorum,</strong></span> <span class='ocrx_word' id='word_1_36' title='bbox 1354 319 1398 357; x_wconf 88' lang='lat' dir='ltr'><strong>pr</strong></span> 
     </span>
     <span class='ocr_line' id='line_1_5' title="bbox 96 373 1534 433; baseline -0.006 -14"><span class='ocrx_word' id='word_1_37' title='bbox 96 394 174 431; x_wconf 91' lang='lat' dir='ltr'><strong>qua</strong></span> <span class='ocrx_word' id='word_1_38' title='bbox 193 381 316 418; x_wconf 88' lang='lat' dir='ltr'><strong>multa</strong></span> <span class='ocrx_word' id='word_1_39' title='bbox 341 378 508 416; x_wconf 86' lang='lat' dir='ltr'><strong>maiores</strong></span> <span class='ocrx_word' id='word_1_40' title='bbox 532 378 649 415; x_wconf 89' lang='lat' dir='ltr'><strong>vestri</strong></span> <span class='ocrx_word' id='word_1_41' title='bbox 676 388 820 433; x_wconf 59' lang='lat' dir='ltr'><strong>magna</strong></span> <span class='ocrx_word' id='word_1_42' title='bbox 845 382 884 413; x_wconf 90' lang='lat' dir='ltr'><strong>et</strong></span> <span class='ocrx_word' id='word_1_43' title='bbox 910 373 1042 424; x_wconf 86' lang='lat' dir='ltr'><strong>gravia</strong></span> <span class='ocrx_word' id='word_1_44' title='bbox 1069 373 1174 417; x_wconf 87' lang='lat' dir='ltr'><strong>bella,</strong></span> <span class='ocrx_word' id='word_1_45' title='bbox 1197 379 1425 423; x_wconf 89' lang='lat' dir='ltr'><strong>gesserunt·</strong></span> <span class='ocrx_word' id='word_1_46' title='bbox 1452 401 1534 428; x_wconf 55' lang='lat' dir='ltr'><em>W</em></span> 
     </span>
     <span class='ocr_line' id='line_1_6' title="bbox 52 433 1534 496; baseline -0.006 -13.761"><span class='ocrx_word' id='word_1_47' title='bbox 52 451 261 496; x_wconf 57' lang='lat' dir='ltr'><strong>raguntur</strong></span> <span class='ocrx_word' id='word_1_48' title='bbox 293 441 510 493; x_wconf 88' lang='lat' dir='ltr'><strong>certissima</strong></span> <span class='ocrx_word' id='word_1_49' title='bbox 542 440 681 491; x_wconf 93' lang='lat' dir='ltr'><strong>populi</strong></span> <span class='ocrx_word' id='word_1_50' title='bbox 716 440 891 478; x_wconf 88' lang='lat' dir='ltr'><strong>Romani</strong></span> <span class='ocrx_word' id='word_1_51' title='bbox 929 436 1136 490; x_wconf 83' lang='lat' dir='ltr'><strong>vectigalia</strong></span> <span class='ocrx_word' id='word_1_52' title='bbox 1171 444 1209 476; x_wconf 88' lang='lat' dir='ltr'><strong>et</strong></span> <span class='ocrx_word' id='word_1_53' title='bbox 1242 435 1471 491; x_wconf 75' lang='lat' dir='ltr'><strong>maxima,x&#39;</strong></span> <span class='ocrx_word' id='word_1_54' title='bbox 1499 433 1534 448; x_wconf 74' lang='lat'><strong>⁴</strong></span> 
     </span>
     <span class='ocr_line' id='line_1_7' title="bbox 65 501 1428 559; baseline -0.007 -10.788"><span class='ocrx_word' id='word_1_55' title='bbox 65 508 238 559; x_wconf 84' lang='lat' dir='ltr'><strong>quibus</strong></span> <span class='ocrx_word' id='word_1_56' title='bbox 258 506 409 546; x_wconf 89' lang='lat' dir='ltr'><strong>amissis</strong></span> <span class='ocrx_word' id='word_1_57' title='bbox 430 515 468 545; x_wconf 85' lang='lat' dir='ltr'><strong>et</strong></span> <span class='ocrx_word' id='word_1_58' title='bbox 489 505 599 557; x_wconf 84' lang='lat' dir='ltr'>pacis</span> <span class='ocrx_word' id='word_1_59' title='bbox 619 511 853 544; x_wconf 87' lang='lat' dir='ltr'><strong>ornamenta</strong></span> <span class='ocrx_word' id='word_1_60' title='bbox 873 510 912 542; x_wconf 92' lang='lat' dir='ltr'><strong>et</strong></span> <span class='ocrx_word' id='word_1_61' title='bbox 939 502 1116 541; x_wconf 91' lang='lat' dir='ltr'><strong>subsidia</strong></span> <span class='ocrx_word' id='word_1_62' title='bbox 1141 501 1234 542; x_wconf 89' lang='lat' dir='ltr'><strong>belli</strong></span> <span class='ocrx_word' id='word_1_63' title='bbox 1258 515 1428 556; x_wconf 65' lang='lat' dir='ltr'><strong>rQ-</strong></span> 
     </span>
     <span class='ocr_line' id='line_1_8' title="bbox 71 567 1426 626; baseline -0.005 -12.868"><span class='ocrx_word' id='word_1_64' title='bbox 71 575 169 623; x_wconf 88' lang='lat' dir='ltr'><strong>tis;</strong></span> <span class='ocrx_word' id='word_1_65' title='bbox 196 581 363 624; x_wconf 88' lang='lat' dir='ltr'><strong>aguntur</strong></span> <span class='ocrx_word' id='word_1_66' title='bbox 390 572 497 611; x_wconf 89' lang='lat' dir='ltr'><strong>bona</strong></span> <span class='ocrx_word' id='word_1_67' title='bbox 524 571 736 609; x_wconf 88' lang='lat' dir='ltr'><strong>multorum</strong></span> <span class='ocrx_word' id='word_1_68' title='bbox 766 568 920 616; x_wconf 89' lang='lat' dir='ltr'><strong>civium,</strong></span> <span class='ocrx_word' id='word_1_69' title='bbox 999 568 1084 607; x_wconf 85' lang='lat' dir='ltr'><strong>ibus</strong></span> <span class='ocrx_word' id='word_1_70' title='bbox 1112 575 1170 626; x_wconf 56' lang='lat' dir='ltr'><strong>esst</strong></span> <span class='ocrx_word' id='word_1_71' title='bbox 1196 581 1221 607; x_wconf 85' lang='lat' dir='ltr'><strong>a</strong></span> <span class='ocrx_word' id='word_1_72' title='bbox 1245 567 1358 607; x_wconf 91' lang='lat' dir='ltr'><strong>vobis</strong></span> <span class='ocrx_word' id='word_1_73' title='bbox 1387 576 1426 607; x_wconf 90' lang='lat' dir='ltr'><strong>et</strong></span> 
     </span>
     <span class='ocr_line' id='line_1_9' title="bbox 96 633 1467 690; baseline -0.004 -12"><span class='ocrx_word' id='word_1_74' title='bbox 96 639 270 690; x_wconf 74' lang='lat' dir='ltr'><strong>ipsorum</strong></span> <span class='ocrx_word' id='word_1_75' title='bbox 290 645 328 677; x_wconf 90' lang='lat' dir='ltr'><strong>et</strong></span> <span class='ocrx_word' id='word_1_76' title='bbox 347 636 402 676; x_wconf 89' lang='lat' dir='ltr'><strong>rei</strong></span> <span class='ocrx_word' id='word_1_77' title='bbox 422 635 603 686; x_wconf 87' lang='lat' dir='ltr'><strong>publicae</strong></span> <span class='ocrx_word' id='word_1_78' title='bbox 623 647 741 674; x_wconf 84' lang='lat' dir='ltr'><strong>causa</strong></span> <span class='ocrx_word' id='word_1_79' title='bbox 760 634 898 673; x_wconf 86' lang='lat' dir='ltr'><strong>consul</strong></span> <span class='ocrx_word' id='word_1_80' title='bbox 926 633 1109 684; x_wconf 65' lang='grc' dir='ltr'><strong>ηόιιφ.</strong></span> <span class='ocrx_word' id='word_1_81' title='bbox 1115 652 1134 673; x_wconf 78' lang='grc' dir='ltr'>ι</span> <span class='ocrx_word' id='word_1_82' title='bbox 1130 634 1218 672; x_wconf 93' lang='grc' dir='ltr'>Ι.ΙΙ</span> <span class='ocrx_word' id='word_1_83' title='bbox 1259 635 1311 672; x_wconf 94' lang='lat' dir='ltr'><strong>Et</strong></span> <span class='ocrx_word' id='word_1_84' title='bbox 1330 646 1428 684; x_wconf 90' lang='lat' dir='ltr'><strong>quo-</strong></span> <span class='ocrx_word' id='word_1_85' title='bbox 1444 638 1467 677; x_wconf 85' lang='grc'>7</span> 
     </span>
     <span class='ocr_line' id='line_1_10' title="bbox 99 699 1425 754; baseline -0.003 -12"><span class='ocrx_word' id='word_1_86' title='bbox 99 704 202 743; x_wconf 86' lang='lat' dir='ltr'><strong>niam</strong></span> <span class='ocrx_word' id='word_1_87' title='bbox 225 715 385 753; x_wconf 81' lang='lat' dir='ltr'><strong>semper</strong></span> <span class='ocrx_word' id='word_1_88' title='bbox 397 707 630 754; x_wconf 88' lang='lat' dir='ltr'><strong>appetentes</strong></span> <span class='ocrx_word' id='word_1_89' title='bbox 650 699 796 750; x_wconf 86' lang='lat' dir='ltr'><strong>gloriae</strong></span> <span class='ocrx_word' id='word_1_90' title='bbox 814 707 966 749; x_wconf 87' lang='lat' dir='ltr'><strong>praeter</strong></span> <span class='ocrx_word' id='word_1_91' title='bbox 981 707 1130 739; x_wconf 82' lang='lat' dir='ltr'><strong>ceteras</strong></span> <span class='ocrx_word' id='word_1_92' title='bbox 1150 706 1287 750; x_wconf 88' lang='lat' dir='ltr'><strong>gentes</strong></span> <span class='ocrx_word' id='word_1_93' title='bbox 1306 706 1425 749; x_wconf 88' lang='lat' dir='ltr'><strong>atque</strong></span> 
     </span>
     <span class='ocr_line' id='line_1_11' title="bbox 48 759 1424 819; baseline -0.004 -11"><span class='ocrx_word' id='word_1_94' title='bbox 48 792 78 809; x_wconf 86' lang='lat'><strong>10</strong></span> <span class='ocrx_word' id='word_1_95' title='bbox 95 768 199 808; x_wconf 83' lang='lat' dir='ltr'><strong>avidi</strong></span> <span class='ocrx_word' id='word_1_96' title='bbox 222 767 357 807; x_wconf 51' lang='lat' dir='ltr'><strong>laudis*</strong></span> <span class='ocrx_word' id='word_1_97' title='bbox 373 766 510 811; x_wconf 89' lang='lat' dir='ltr'><strong>fuistis,</strong></span> <span class='ocrx_word' id='word_1_98' title='bbox 531 759 701 804; x_wconf 81' lang='lat' dir='ltr'><strong>delenda</strong></span> <span class='ocrx_word' id='word_1_99' title='bbox 728 772 787 803; x_wconf 90' lang='lat' dir='ltr'><strong>est</strong></span> <span class='ocrx_word' id='word_1_100' title='bbox 802 764 916 819; x_wconf 82' lang='lat' dir='ltr'><strong>vobis</strong></span> <span class='ocrx_word' id='word_1_101' title='bbox 946 764 1011 803; x_wconf 89' lang='lat' dir='ltr'><strong>illa</strong></span> <span class='ocrx_word' id='word_1_102' title='bbox 1039 766 1194 803; x_wconf 85' lang='lat' dir='ltr'><strong>macula</strong></span> <span class='ocrx_word' id='word_1_103' title='bbox 1216 762 1424 804; x_wconf 84' lang='lat' dir='ltr'><strong>Mithrida-</strong></span> 
     </span>
     <span class='ocr_line' id='line_1_12' title="bbox 99 819 1426 881; baseline -0.003 -9"><span class='ocrx_word' id='word_1_104' title='bbox 99 834 178 872; x_wconf 84' lang='lat' dir='ltr'><strong>tico</strong></span> <span class='ocrx_word' id='word_1_105' title='bbox 203 819 534 881; x_wconf 67' lang='lat' dir='ltr'><strong>bello-superiore</strong></span> <span class='ocrx_word' id='word_1_106' title='bbox 560 837 768 879; x_wconf 88' lang='lat' dir='ltr'><strong>concepta,</strong></span> <span class='ocrx_word' id='word_1_107' title='bbox 790 820 890 879; x_wconf 69' lang='lat' dir='ltr'><strong>quae</strong></span> <span class='ocrx_word' id='word_1_108' title='bbox 917 829 1075 879; x_wconf 88' lang='lat' dir='ltr'><strong>penitus</strong></span> <span class='ocrx_word' id='word_1_109' title='bbox 1102 829 1180 867; x_wconf 88' lang='lat' dir='ltr'><strong>iam</strong></span> <span class='ocrx_word' id='word_1_110' title='bbox 1206 829 1352 869; x_wconf 85' lang='lat' dir='ltr'><strong>insedit</strong></span> <span class='ocrx_word' id='word_1_111' title='bbox 1378 843 1426 868; x_wconf 88' lang='lat' dir='ltr'><strong>ac</strong></span> 
     </span>
     <span class='ocr_line' id='line_1_13' title="bbox 99 894 1427 945; baseline -0.002 -9"><span class='ocrx_word' id='word_1_112' title='bbox 99 897 216 936; x_wconf 90' lang='lat' dir='ltr'><strong>nimis</strong></span> <span class='ocrx_word' id='word_1_113' title='bbox 245 895 476 935; x_wconf 88' lang='lat' dir='ltr'><strong>inveteravit</strong></span> <span class='ocrx_word' id='word_1_114' title='bbox 502 895 544 934; x_wconf 92' lang='lat' dir='ltr'><strong>in</strong></span> <span class='ocrx_word' id='word_1_115' title='bbox 575 895 713 945; x_wconf 90' lang='lat' dir='ltr'><strong>populi</strong></span> <span class='ocrx_word' id='word_1_116' title='bbox 743 894 917 933; x_wconf 88' lang='lat' dir='ltr'><strong>Romani</strong></span> <span class='ocrx_word' id='word_1_117' title='bbox 946 895 1120 943; x_wconf 82' lang='lat' dir='ltr'><strong>nomine,</strong></span> <span class='ocrx_word' id='word_1_118' title='bbox 1151 896 1260 945; x_wconf 90' lang='lat' dir='ltr'><strong>quod</strong></span> <span class='ocrx_word' id='word_1_119' title='bbox 1288 895 1332 942; x_wconf 86' lang='lat' dir='ltr'><strong>is,</strong></span> <span class='ocrx_word' id='word_1_120' title='bbox 1359 895 1427 945; x_wconf 92' lang='lat' dir='ltr'><strong>qui</strong></span> 
     </span>
     <span class='ocr_line' id='line_1_14' title="bbox 101 949 1429 1010; baseline -0.002 -8"><span class='ocrx_word' id='word_1_121' title='bbox 101 976 182 1003; x_wconf 89' lang='lat' dir='ltr'><strong>uno</strong></span> <span class='ocrx_word' id='word_1_122' title='bbox 201 962 265 1002; x_wconf 92' lang='lat' dir='ltr'><strong>die</strong></span> <span class='ocrx_word' id='word_1_123' title='bbox 286 970 368 1001; x_wconf 90' lang='lat' dir='ltr'><strong>tota</strong></span> <span class='ocrx_word' id='word_1_124' title='bbox 387 961 427 999; x_wconf 89' lang='lat' dir='ltr'><strong>in</strong></span> <span class='ocrx_word' id='word_1_125' title='bbox 444 960 547 1005; x_wconf 84' lang='lat' dir='ltr'><strong>Asia,</strong></span> <span class='ocrx_word' id='word_1_126' title='bbox 565 968 625 1000; x_wconf 92' lang='lat' dir='ltr'><strong>tot</strong></span> <span class='ocrx_word' id='word_1_127' title='bbox 643 960 683 998; x_wconf 91' lang='lat' dir='ltr'><strong>in</strong></span> <span class='ocrx_word' id='word_1_128' title='bbox 704 949 939 1007; x_wconf 82' lang='lat' dir='ltr'><strong>civitatibus,</strong></span> <span class='ocrx_word' id='word_1_129' title='bbox 955 973 1035 999; x_wconf 87' lang='lat' dir='ltr'><strong>uno</strong></span> <span class='ocrx_word' id='word_1_130' title='bbox 1051 961 1191 998; x_wconf 90' lang='lat' dir='ltr'><strong>nuntio</strong></span> <span class='ocrx_word' id='word_1_131' title='bbox 1211 968 1330 1010; x_wconf 87' lang='lat' dir='ltr'><strong>atque</strong></span> <span class='ocrx_word' id='word_1_132' title='bbox 1349 974 1429 999; x_wconf 87' lang='lat' dir='ltr'><strong>una</strong></span> 
     </span>
     <span class='ocr_line' id='line_1_15' title="bbox 101 1020 1429 1079; baseline -0.002 -12"><span class='ocrx_word' id='word_1_133' title='bbox 101 1027 385 1079; x_wconf 82' lang='lat' dir='ltr'><strong>significatione</strong></span> <span class='ocrx_word' id='word_1_134' title='bbox 406 1026 620 1076; x_wconf 79' lang='lat' dir='ltr'><strong>litterarum</strong></span> <span class='ocrx_word' id='word_1_135' title='bbox 642 1026 747 1064; x_wconf 90' lang='lat' dir='ltr'><strong>cives</strong></span> <span class='ocrx_word' id='word_1_136' title='bbox 768 1027 975 1064; x_wconf 89' lang='lat' dir='ltr'><strong>Romanos</strong></span> <span class='ocrx_word' id='word_1_137' title='bbox 1003 1020 1208 1064; x_wconf 78' lang='lat' dir='ltr'><strong>neca&#39;ndos</strong></span> <span class='ocrx_word' id='word_1_138' title='bbox 1233 1025 1429 1065; x_wconf 87' lang='lat' dir='ltr'><strong>trucidan-</strong></span> 
     </span>
     <span class='ocr_line' id='line_1_16' title="bbox 50 1084 1428 1143; baseline -0.001 -10"><span class='ocrx_word' id='word_1_139' title='bbox 50 1116 80 1139; x_wconf 85' lang='lat'><strong>15</strong></span> <span class='ocrx_word' id='word_1_140' title='bbox 99 1095 251 1143; x_wconf 86' lang='lat' dir='ltr'><strong>dosque</strong></span> <span class='ocrx_word' id='word_1_141' title='bbox 279 1091 495 1140; x_wconf 82' lang='lat' dir='ltr'><strong>denotavit,</strong></span> <span class='ocrx_word' id='word_1_142' title='bbox 526 1105 608 1130; x_wconf 91' lang='lat' dir='ltr'><strong>non</strong></span> <span class='ocrx_word' id='word_1_143' title='bbox 642 1092 764 1130; x_wconf 92' lang='lat' dir='ltr'><strong>modo</strong></span> <span class='ocrx_word' id='word_1_144' title='bbox 798 1091 929 1130; x_wconf 88' lang='lat' dir='ltr'><strong>adhuc</strong></span> <span class='ocrx_word' id='word_1_145' title='bbox 963 1084 1137 1141; x_wconf 88' lang='lat' dir='ltr'><strong>poenam</strong></span> <span class='ocrx_word' id='word_1_146' title='bbox 1171 1092 1320 1130; x_wconf 90' lang='lat' dir='ltr'><strong>nullam</strong></span> <span class='ocrx_word' id='word_1_147' title='bbox 1354 1105 1428 1131; x_wconf 92' lang='lat' dir='ltr'><strong>suo</strong></span> 
     </span>
     <span class='ocr_line' id='line_1_17' title="bbox 100 1155 1427 1209; baseline -0.002 -12"><span class='ocrx_word' id='word_1_148' title='bbox 100 1158 260 1209; x_wconf 87' lang='lat' dir='ltr'>dignam</span> <span class='ocrx_word' id='word_1_149' title='bbox 293 1158 439 1209; x_wconf 74' lang='lat' dir='ltr'><strong>scelere</strong></span> <span class='ocrx_word' id='word_1_150' title='bbox 472 1155 654 1206; x_wconf 85' lang='lat' dir='ltr'><strong>suscepit,</strong></span> <span class='ocrx_word' id='word_1_151' title='bbox 686 1156 755 1194; x_wconf 91' lang='lat' dir='ltr'><strong>sed</strong></span> <span class='ocrx_word' id='word_1_152' title='bbox 785 1157 836 1195; x_wconf 87' lang='lat' dir='ltr'><strong>ab</strong></span> <span class='ocrx_word' id='word_1_153' title='bbox 865 1155 932 1194; x_wconf 94' lang='lat' dir='ltr'><strong>illo</strong></span> <span class='ocrx_word' id='word_1_154' title='bbox 962 1163 1142 1206; x_wconf 91' lang='lat' dir='ltr'><strong>tempore</strong></span> <span class='ocrx_word' id='word_1_155' title='bbox 1170 1169 1319 1195; x_wconf 88' lang='lat' dir='ltr'><strong>annum</strong></span> <span class='ocrx_word' id='word_1_156' title='bbox 1348 1155 1427 1195; x_wconf 90' lang='lat' dir='ltr'><strong>iam</strong></span> 
     </span>
     <span class='ocr_line' id='line_1_18' title="bbox 102 1215 1429 1272; baseline 0 -11"><span class='ocrx_word' id='word_1_157' title='bbox 102 1216 258 1261; x_wconf 85' lang='lat' dir='ltr'><strong>te&#39;rtium</strong></span> <span class='ocrx_word' id='word_1_158' title='bbox 278 1215 317 1261; x_wconf 72' lang='lat' dir='ltr'><strong>el</strong></span> <span class='ocrx_word' id='word_1_159' title='bbox 336 1220 566 1261; x_wconf 72' lang='lat' dir='ltr'><strong>‘vicesimum</strong></span> <span class='ocrx_word' id='word_1_160' title='bbox 588 1228 747 1271; x_wconf 72' lang='lat' dir='ltr'><strong>regnat„</strong></span> <span class='ocrx_word' id='word_1_161' title='bbox 758 1228 797 1260; x_wconf 91' lang='lat' dir='ltr'><strong>et</strong></span> <span class='ocrx_word' id='word_1_162' title='bbox 816 1220 871 1260; x_wconf 88' lang='lat' dir='ltr'><strong>ita</strong></span> <span class='ocrx_word' id='word_1_163' title='bbox 889 1228 1049 1272; x_wconf 64' lang='lat' dir='ltr'><strong>regnat,</strong></span> <span class='ocrx_word' id='word_1_164' title='bbox 1061 1228 1105 1260; x_wconf 91' lang='lat' dir='ltr'><strong>ut</strong></span> <span class='ocrx_word' id='word_1_165' title='bbox 1131 1234 1175 1261; x_wconf 92' lang='lat' dir='ltr'><strong>se</strong></span> <span class='ocrx_word' id='word_1_166' title='bbox 1200 1234 1283 1261; x_wconf 90' lang='lat' dir='ltr'><strong>non</strong></span> <span class='ocrx_word' id='word_1_167' title='bbox 1311 1222 1429 1261; x_wconf 89' lang='lat' dir='ltr'><strong>Ponti</strong></span> 
     </span>
     <span class='ocr_line' id='line_1_19' title="bbox 101 1279 1429 1346; baseline 0 -20"><span class='ocrx_word' id='word_1_168' title='bbox 101 1299 230 1337; x_wconf 91' lang='lat' dir='ltr'><strong>neque</strong></span> <span class='ocrx_word' id='word_1_169' title='bbox 250 1285 531 1336; x_wconf 86' lang='lat' dir='ltr'><strong>Cappadociae</strong></span> <span class='ocrx_word' id='word_1_170' title='bbox 551 1279 711 1324; x_wconf 85' lang='lat' dir='ltr'><strong>latebris</strong></span> <span class='ocrx_word' id='word_1_171' title='bbox 731 1287 930 1325; x_wconf 84' lang='lat' dir='ltr'><strong>occultare</strong></span> <span class='ocrx_word' id='word_1_172' title='bbox 949 1285 1054 1346; x_wconf 76' lang='lat' dir='ltr'><strong>velit,</strong></span> <span class='ocrx_word' id='word_1_173' title='bbox 1073 1287 1144 1326; x_wconf 89' lang='lat' dir='ltr'><strong>sed</strong></span> <span class='ocrx_word' id='word_1_174' title='bbox 1163 1299 1362 1338; x_wconf 88' lang='lat' dir='ltr'><strong>emergere</strong></span> <span class='ocrx_word' id='word_1_175' title='bbox 1382 1301 1429 1326; x_wconf 84' lang='lat' dir='ltr'><strong>ex</strong></span> 
     </span>
     <span class='ocr_line' id='line_1_20' title="bbox 103 1350 1429 1402; baseline 0.001 -12"><span class='ocrx_word' id='word_1_176' title='bbox 103 1351 229 1402; x_wconf 87' lang='lat' dir='ltr'><strong>patrio</strong></span> <span class='ocrx_word' id='word_1_177' title='bbox 254 1364 376 1401; x_wconf 87' lang='lat' dir='ltr'><strong>regno</strong></span> <span class='ocrx_word' id='word_1_178' title='bbox 401 1359 522 1401; x_wconf 85' lang='lat' dir='ltr'><strong>atque</strong></span> <span class='ocrx_word' id='word_1_179' title='bbox 549 1350 589 1389; x_wconf 90' lang='lat' dir='ltr'><strong>in</strong></span> <span class='ocrx_word' id='word_1_180' title='bbox 615 1350 753 1389; x_wconf 89' lang='lat' dir='ltr'><strong>vestris</strong></span> <span class='ocrx_word' id='word_1_181' title='bbox 780 1350 1054 1401; x_wconf 72' lang='lat' dir='ltr'><strong>vectigalibuss</strong></span> <span class='ocrx_word' id='word_1_182' title='bbox 1069 1352 1147 1390; x_wconf 92' lang='lat' dir='ltr'><strong>hoc</strong></span> <span class='ocrx_word' id='word_1_183' title='bbox 1167 1359 1227 1390; x_wconf 89' lang='lat' dir='ltr'><strong>est</strong></span> <span class='ocrx_word' id='word_1_184' title='bbox 1247 1351 1288 1390; x_wconf 91' lang='lat' dir='ltr'><strong>in</strong></span> <span class='ocrx_word' id='word_1_185' title='bbox 1307 1351 1429 1392; x_wconf 88' lang='lat' dir='ltr'><strong>Asiae</strong></span> 
     </span>
     <span class='ocr_line' id='line_1_21' title="bbox 51 1405 1471 1467; baseline 0.001 -11"><span class='ocrx_word' id='word_1_186' title='bbox 51 1418 199 1463; x_wconf 82' lang='lat' dir='ltr'><strong>201uce,</strong></span> <span class='ocrx_word' id='word_1_187' title='bbox 221 1415 396 1456; x_wconf 80' lang='lat' dir='ltr'><strong>versari.·</strong></span> <span class='ocrx_word' id='word_1_188' title='bbox 435 1414 594 1454; x_wconf 89' lang='lat' dir='ltr'><strong>Etenim</strong></span> <span class='ocrx_word' id='word_1_189' title='bbox 620 1416 751 1454; x_wconf 86' lang='lat' dir='ltr'><strong>adhuc</strong></span> <span class='ocrx_word' id='word_1_190' title='bbox 777 1415 832 1454; x_wconf 85' lang='lat' dir='ltr'><strong>ita</strong></span> <span class='ocrx_word' id='word_1_191' title='bbox 857 1416 981 1455; x_wconf 92' lang='lat' dir='ltr'><strong>nostri</strong></span> <span class='ocrx_word' id='word_1_192' title='bbox 1007 1405 1099 1455; x_wconf 80' lang='lat' dir='ltr'><strong>cum</strong></span> <span class='ocrx_word' id='word_1_193' title='bbox 1126 1415 1194 1456; x_wconf 88' lang='lat' dir='ltr'><strong>illo</strong></span> <span class='ocrx_word' id='word_1_194' title='bbox 1220 1429 1312 1467; x_wconf 90' lang='lat' dir='ltr'><strong>rege</strong></span> <span class='ocrx_word' id='word_1_195' title='bbox 1338 1431 1431 1457; x_wconf 90' lang='lat' dir='ltr'><strong>con·</strong></span> <span class='ocrx_word' id='word_1_196' title='bbox 1448 1427 1471 1465; x_wconf 86' lang='lat'>8</span> 
     </span>
     <span class='ocr_line' id='line_1_22' title="bbox 103 1471 1429 1532; baseline 0.001 -11"><span class='ocrx_word' id='word_1_197' title='bbox 103 1471 314 1522; x_wconf 67' lang='lat' dir='ltr'><strong>tenderunt</strong></span> <span class='ocrx_word' id='word_1_198' title='bbox 342 1479 608 1531; x_wconf 86' lang='lat' dir='ltr'><strong>imperatores,</strong></span> <span class='ocrx_word' id='word_1_199' title='bbox 639 1487 682 1525; x_wconf 81' lang='lat' dir='ltr'><strong>ut</strong></span> <span class='ocrx_word' id='word_1_200' title='bbox 720 1482 771 1519; x_wconf 86' lang='lat' dir='ltr'><strong>ab</strong></span> <span class='ocrx_word' id='word_1_201' title='bbox 809 1480 878 1520; x_wconf 90' lang='lat' dir='ltr'><strong>illo</strong></span> <span class='ocrx_word' id='word_1_202' title='bbox 904 1480 1088 1532; x_wconf 50' lang='lat' dir='ltr'><strong>*insignia</strong></span> <span class='ocrx_word' id='word_1_203' title='bbox 1117 1481 1314 1530; x_wconf 88' lang='lat' dir='ltr'><strong>victoriae,</strong></span> <span class='ocrx_word' id='word_1_204' title='bbox 1348 1496 1429 1522; x_wconf 90' lang='lat' dir='ltr'><strong>non</strong></span> 
     </span>
     <span class='ocr_line' id='line_1_23' title="bbox 104 1546 1431 1602; baseline 0.002 -16"><span class='ocrx_word' id='word_1_205' title='bbox 104 1546 305 1587; x_wconf 87' lang='lat' dir='ltr'><strong>victoriam</strong></span> <span class='ocrx_word' id='word_1_206' title='bbox 331 1553 584 1602; x_wconf 75' lang='lat' dir='ltr'><strong>reportarent.</strong></span> <span class='ocrx_word' id='word_1_207' title='bbox 642 1546 920 1596; x_wconf 84' lang='lat' dir='ltr'><strong>Triumphavit</strong></span> <span class='ocrx_word' id='word_1_208' title='bbox 947 1548 991 1585; x_wconf 89' lang='lat' dir='ltr'><strong>L.</strong></span> <span class='ocrx_word' id='word_1_209' title='bbox 1025 1548 1144 1595; x_wconf 85' lang='lat' dir='ltr'><strong>Sulla,</strong></span> <span class='ocrx_word' id='word_1_210' title='bbox 1173 1547 1431 1598; x_wconf 91' lang='lat' dir='ltr'><strong>triumphavit</strong></span> 
     </span>
     <span class='ocr_line' id='line_1_24' title="bbox 105 1610 1429 1659; baseline 0.001 -7"><span class='ocrx_word' id='word_1_211' title='bbox 105 1614 149 1652; x_wconf 88' lang='lat' dir='ltr'><strong>L.</strong></span> <span class='ocrx_word' id='word_1_212' title='bbox 189 1613 358 1651; x_wconf 87' lang='lat' dir='ltr'><strong>Murena</strong></span> <span class='ocrx_word' id='word_1_213' title='bbox 393 1612 445 1651; x_wconf 93' lang='lat' dir='ltr'><strong>de</strong></span> <span class='ocrx_word' id='word_1_214' title='bbox 478 1610 722 1659; x_wconf 88' lang='lat' dir='ltr'><strong>Mithridate,</strong></span> <span class='ocrx_word' id='word_1_215' title='bbox 758 1612 839 1651; x_wconf 91' lang='lat' dir='ltr'><strong>duo</strong></span> <span class='ocrx_word' id='word_1_216' title='bbox 874 1611 1076 1651; x_wconf 84' lang='lat' dir='ltr'><strong>fortissimi</strong></span> <span class='ocrx_word' id='word_1_217' title='bbox 1109 1613 1179 1651; x_wconf 91' lang='lat' dir='ltr'><strong>viri</strong></span> <span class='ocrx_word' id='word_1_218' title='bbox 1214 1621 1253 1652; x_wconf 92' lang='lat' dir='ltr'><strong>et</strong></span> <span class='ocrx_word' id='word_1_219' title='bbox 1285 1614 1429 1653; x_wconf 90' lang='lat' dir='ltr'><strong>summi</strong></span> 
     </span>
     <span class='ocr_line' id='line_1_25' title="bbox 102 1663 1431 1729; baseline 0.002 -13"><span class='ocrx_word' id='word_1_220' title='bbox 102 1677 368 1728; x_wconf 85' lang='lat' dir='ltr'><strong>imperatores,</strong></span> <span class='ocrx_word' id='word_1_221' title='bbox 389 1676 460 1715; x_wconf 90' lang='lat' dir='ltr'><strong>sed</strong></span> <span class='ocrx_word' id='word_1_222' title='bbox 485 1675 539 1715; x_wconf 88' lang='lat' dir='ltr'><strong>ita</strong></span> <span class='ocrx_word' id='word_1_223' title='bbox 565 1677 867 1727; x_wconf 88' lang='lat' dir='ltr'><strong>triumpharunt,</strong></span> <span class='ocrx_word' id='word_1_224' title='bbox 889 1685 932 1716; x_wconf 91' lang='lat' dir='ltr'><strong>ut</strong></span> <span class='ocrx_word' id='word_1_225' title='bbox 957 1677 1023 1718; x_wconf 89' lang='lat' dir='ltr'><strong>ille</strong></span> <span class='ocrx_word' id='word_1_226' title='bbox 1048 1679 1184 1729; x_wconf 91' lang='lat' dir='ltr'><strong>pulsus</strong></span> <span class='ocrx_word' id='word_1_227' title='bbox 1210 1663 1431 1729; x_wconf 67' lang='lat' dir='ltr'><strong>superatus-</strong></span> 
     </span>
     <span class='ocr_line' id='line_1_26' title="bbox 51 1731 1431 1793; baseline 0.002 -12"><span class='ocrx_word' id='word_1_228' title='bbox 51 1762 83 1787; x_wconf 66' lang='grc' dir='ltr'><strong>ας</strong></span> <span class='ocrx_word' id='word_1_229' title='bbox 101 1741 395 1793; x_wconf 76' lang='lat' dir='ltr'><strong>que‘regnaret.</strong></span> <span class='ocrx_word' id='word_1_230' title='bbox 453 1743 601 1781; x_wconf 90' lang='lat' dir='ltr'><strong>Verum</strong></span> <span class='ocrx_word' id='word_1_231' title='bbox 641 1749 775 1781; x_wconf 88' lang='lat' dir='ltr'><strong>tamen</strong></span> <span class='ocrx_word' id='word_1_232' title='bbox 816 1742 893 1781; x_wconf 90' lang='lat' dir='ltr'><strong>illis</strong></span> <span class='ocrx_word' id='word_1_233' title='bbox 922 1731 1224 1793; x_wconf 71' lang='lat' dir='ltr'><strong>imperatoribus</strong></span> <span class='ocrx_word' id='word_1_234' title='bbox 1255 1746 1340 1784; x_wconf 88' lang='lat' dir='ltr'><strong>laus</strong></span> <span class='ocrx_word' id='word_1_235' title='bbox 1371 1753 1431 1784; x_wconf 89' lang='lat' dir='ltr'><strong>est</strong></span> 
     </span>
     <span class='ocr_line' id='line_1_27' title="bbox 104 1799 1427 1863; baseline 0.003 -17"><span class='ocrx_word' id='word_1_236' title='bbox 104 1808 322 1855; x_wconf 88' lang='lat' dir='ltr'><strong>tribuenda,</strong></span> <span class='ocrx_word' id='word_1_237' title='bbox 354 1809 463 1858; x_wconf 92' lang='lat' dir='ltr'><strong>quod</strong></span> <span class='ocrx_word' id='word_1_238' title='bbox 491 1816 668 1859; x_wconf 88' lang='lat' dir='ltr'><strong>egerunt,</strong></span> <span class='ocrx_word' id='word_1_239' title='bbox 702 1808 819 1848; x_wconf 88' lang='lat' dir='ltr'><strong>venia</strong></span> <span class='ocrx_word' id='word_1_240' title='bbox 853 1809 997 1863; x_wconf 85' lang='lat' dir='ltr'><strong>danda,</strong></span> <span class='ocrx_word' id='word_1_241' title='bbox 1031 1805 1142 1860; x_wconf 89' lang='lat' dir='ltr'><strong>quod</strong></span> <span class='ocrx_word' id='word_1_242' title='bbox 1178 1799 1427 1861; x_wconf 86' lang='lat' dir='ltr'><strong>reliquerunt,</strong></span> 
     </span>
     <span class='ocr_line' id='line_1_28' title="bbox 104 1871 1429 1925; baseline 0.004 -16"><span class='ocrx_word' id='word_1_243' title='bbox 104 1879 310 1923; x_wconf 85' lang='lat' dir='ltr'><strong>propterea</strong></span> <span class='ocrx_word' id='word_1_244' title='bbox 334 1872 446 1920; x_wconf 90' lang='lat' dir='ltr'><strong>quod</strong></span> <span class='ocrx_word' id='word_1_245' title='bbox 470 1873 521 1910; x_wconf 92' lang='lat' dir='ltr'><strong>ab</strong></span> <span class='ocrx_word' id='word_1_246' title='bbox 547 1885 596 1910; x_wconf 94' lang='lat' dir='ltr'><strong>eo</strong></span> <span class='ocrx_word' id='word_1_247' title='bbox 622 1872 728 1911; x_wconf 90' lang='lat' dir='ltr'><strong>bello</strong></span> <span class='ocrx_word' id='word_1_248' title='bbox 755 1872 903 1911; x_wconf 85' lang='lat' dir='ltr'><strong>Sullam</strong></span> <span class='ocrx_word' id='word_1_249' title='bbox 930 1871 972 1911; x_wconf 88' lang='lat' dir='ltr'><strong>in</strong></span> <span class='ocrx_word' id='word_1_250' title='bbox 1000 1873 1157 1912; x_wconf 86' lang='lat' dir='ltr'><strong>Italiam</strong></span> <span class='ocrx_word' id='word_1_251' title='bbox 1178 1874 1239 1913; x_wconf 76' lang='lat' dir='ltr'><strong>re&#39;s</strong></span> <span class='ocrx_word' id='word_1_252' title='bbox 1258 1875 1429 1925; x_wconf 91' lang='lat' dir='ltr'><strong>publica,</strong></span> 
     </span>
     <span class='ocr_line' id='line_1_29' title="bbox 15 1930 715 1976; baseline 0.003 -3"><span class='ocrx_word' id='word_1_253' title='bbox 15 1964 20 1972; x_wconf 80' lang='lat'>.</span> <span class='ocrx_word' id='word_1_254' title='bbox 51 1930 59 1936; x_wconf 77' lang='grc'><strong>’</strong></span> <span class='ocrx_word' id='word_1_255' title='bbox 106 1937 313 1975; x_wconf 88' lang='lat' dir='ltr'><strong>Murenam</strong></span> <span class='ocrx_word' id='word_1_256' title='bbox 334 1937 443 1975; x_wconf 91' lang='lat' dir='ltr'><strong>Sulla</strong></span> <span class='ocrx_word' id='word_1_257' title='bbox 459 1936 666 1976; x_wconf 86' lang='lat' dir='ltr'><strong>revocavit.</strong></span> <span class='ocrx_word' id='word_1_258' title='bbox 712 1944 715 1946; x_wconf 79' lang='grc'><strong>’</strong></span> 
     </span>
     <span class='ocr_line' id='line_1_30' title="bbox 186 1999 1472 2055; baseline 0.007 -17"><span class='ocrx_word' id='word_1_259' title='bbox 186 2001 257 2039; x_wconf 89' lang='lat' dir='ltr'><strong>IV.</strong></span> <span class='ocrx_word' id='word_1_260' title='bbox 314 1999 562 2040; x_wconf 86' lang='lat' dir='ltr'><strong>Mithridates</strong></span> <span class='ocrx_word' id='word_1_261' title='bbox 581 2009 714 2040; x_wconf 90' lang='lat' dir='ltr'><strong>autem</strong></span> <span class='ocrx_word' id='word_1_262' title='bbox 733 2015 853 2041; x_wconf 90' lang='lat' dir='ltr'><strong>omne</strong></span> <span class='ocrx_word' id='word_1_263' title='bbox 872 2002 1064 2052; x_wconf 89' lang='lat' dir='ltr'><strong>reliquum</strong></span> <span class='ocrx_word' id='word_1_264' title='bbox 1092 2011 1249 2055; x_wconf 88' lang='lat' dir='ltr'><strong>tempus</strong></span> <span class='ocrx_word' id='word_1_265' title='bbox 1274 2017 1356 2046; x_wconf 89' lang='lat' dir='ltr'><strong>non</strong></span> <span class='ocrx_word' id='word_1_266' title='bbox 1380 2007 1431 2046; x_wconf 89' lang='lat' dir='ltr'><strong>ad</strong></span> <span class='ocrx_word' id='word_1_267' title='bbox 1450 2014 1472 2052; x_wconf 83' lang='grc'>9</span> 
     </span>
     <span class='ocr_line' id='line_1_31' title="bbox 20 2051 1431 2118; baseline 0.005 -13"><span class='ocrx_word' id='word_1_268' title='bbox 20 2116 22 2118; x_wconf 17' lang='lat' dir='ltr'>v</span> <span class='ocrx_word' id='word_1_269' title='bbox 56 2065 344 2112; x_wconf 61' lang='lat' dir='ltr'><strong>„oblivionem</strong></span> <span class='ocrx_word' id='word_1_270' title='bbox 359 2065 514 2104; x_wconf 56' lang='lat' dir='ltr'><strong>xeteris</strong></span> <span class='ocrx_word' id='word_1_271' title='bbox 542 2051 656 2114; x_wconf 89' lang='lat' dir='ltr'><strong>belli,</strong></span> <span class='ocrx_word' id='word_1_272' title='bbox 670 2068 741 2106; x_wconf 90' lang='lat' dir='ltr'><strong>sed</strong></span> <span class='ocrx_word' id='word_1_273' title='bbox 767 2067 818 2106; x_wconf 90' lang='lat' dir='ltr'><strong>ad</strong></span> <span class='ocrx_word' id='word_1_274' title='bbox 845 2068 1186 2118; x_wconf 84' lang='lat' dir='ltr'><strong>comparationem</strong></span> <span class='ocrx_word' id='word_1_275' title='bbox 1214 2071 1307 2110; x_wconf 90' lang='lat' dir='ltr'><strong>novi</strong></span> <span class='ocrx_word' id='word_1_276' title='bbox 1336 2085 1431 2112; x_wconf 91' lang='lat' dir='ltr'><strong>con-</strong></span> 
     </span>
     <span class='ocr_line' id='line_1_32' title="bbox 15 2128 1433 2192; baseline 0.006 -23"><span class='ocrx_word' id='word_1_277' title='bbox 15 2128 18 2135; x_wconf 61' lang='lat'><strong>²</strong></span> <span class='ocrx_word' id='word_1_278' title='bbox 106 2130 232 2178; x_wconf 81' lang='lat' dir='ltr'><strong>tulit3.</strong></span> <span class='ocrx_word' id='word_1_279' title='bbox 251 2129 322 2180; x_wconf 84' lang='lat' dir='ltr'><strong>qui</strong></span> <span class='ocrx_word' id='word_1_280' title='bbox 357 2138 507 2192; x_wconf 81' lang='lat' dir='ltr'><strong>postea,</strong></span> <span class='ocrx_word' id='word_1_281' title='bbox 537 2144 627 2189; x_wconf 74' lang='lat' dir='ltr'><strong>curn</strong></span> <span class='ocrx_word' id='word_1_282' title='bbox 665 2132 856 2171; x_wconf 85' lang='lat' dir='ltr'><strong>maximas</strong></span> <span class='ocrx_word' id='word_1_283' title='bbox 893 2133 1139 2174; x_wconf 87' lang='lat' dir='ltr'><strong>aedificasset</strong></span> <span class='ocrx_word' id='word_1_284' title='bbox 1175 2145 1433 2188; x_wconf 89' lang='lat' dir='ltr'><strong>ornassetque</strong></span> 
     </span>
     <span class='ocr_line' id='line_1_33' title="bbox 107 2180 1431 2254; baseline 0.007 -20"><span class='ocrx_word' id='word_1_285' title='bbox 107 2195 250 2234; x_wconf 81' lang='lat' dir='ltr'><strong>classes</strong></span> <span class='ocrx_word' id='word_1_286' title='bbox 268 2180 538 2246; x_wconf 57' lang='lat' dir='ltr'><strong>&amp;cercurisque</strong></span> <span class='ocrx_word' id='word_1_287' title='bbox 563 2208 811 2254; x_wconf 81' lang='lat' dir='ltr'><strong>permagnos,</strong></span> <span class='ocrx_word' id='word_1_288' title='bbox 833 2197 1150 2250; x_wconf 89' lang='lat' dir='ltr'><strong>quibuscumque</strong></span> <span class='ocrx_word' id='word_1_289' title='bbox 1176 2214 1223 2240; x_wconf 87' lang='lat' dir='ltr'><strong>ex</strong></span> <span class='ocrx_word' id='word_1_290' title='bbox 1248 2203 1431 2253; x_wconf 90' lang='lat' dir='ltr'><strong>gentibus</strong></span> 
     </span>
    </p>
   </div>
   <div class='ocr_carea' id='block_1_3' title="bbox 109 2259 1430 2343">
    <p class='ocr_par' dir='ltr' id='par_1_3' title="bbox 109 2259 1430 2343">
     <span class='ocr_line' id='line_1_34' title="bbox 109 2259 1430 2320; baseline 0.008 -22"><span class='ocrx_word' id='word_1_291' title='bbox 109 2259 310 2320; x_wconf 72' lang='lat' dir='ltr'><strong>potuisset,</strong></span> <span class='ocrx_word' id='word_1_292' title='bbox 324 2269 592 2312; x_wconf 87' lang='lat' dir='ltr'><strong>comparasset</strong></span> <span class='ocrx_word' id='word_1_293' title='bbox 611 2264 654 2302; x_wconf 62' lang='lat' dir='ltr'><strong>et&gt;⁴</strong></span> <span class='ocrx_word' id='word_1_294' title='bbox 665 2275 708 2302; x_wconf 90' lang='lat' dir='ltr'><strong>se</strong></span> <span class='ocrx_word' id='word_1_295' title='bbox 721 2264 971 2314; x_wconf 79' lang='lat' dir='ltr'><strong>Bosporanis,</strong></span> <span class='ocrx_word' id='word_1_296' title='bbox 984 2265 1160 2304; x_wconf 85' lang='lat' dir='ltr'><strong>finitimis</strong></span> <span class='ocrx_word' id='word_1_297' title='bbox 1176 2267 1268 2317; x_wconf 89' lang='lat' dir='ltr'><strong>suis,</strong></span> <span class='ocrx_word' id='word_1_298' title='bbox 1283 2269 1430 2308; x_wconf 91' lang='lat' dir='ltr'><strong>bellum</strong></span> 
     </span>
     <span class='ocr_line' id='line_1_35' title="bbox 150 2324 236 2343; baseline 0.012 -15"><span class='ocrx_word' id='word_1_299' title='bbox 150 2324 160 2343; x_wconf 79' lang='lat'><strong>·,</strong></span> <span class='ocrx_word' id='word_1_300' title='bbox 196 2326 206 2331; x_wconf 76' lang='grc'><strong>,</strong></span> <span class='ocrx_word' id='word_1_301' title='bbox 234 2325 236 2329; x_wconf 91' lang='grc'><em>,</em></span> 
     </span>
    </p>
   </div>
   <div class='ocr_carea' id='block_1_4' title="bbox 1476 545 1534 570">
    <p class='ocr_par' dir='ltr' id='par_1_4' title="bbox 1476 545 1534 570">
     <span class='ocr_line' id='line_1_36' title="bbox 1476 545 1534 570; baseline 0 -11"><span class='ocrx_word' id='word_1_302' title='bbox 1476 545 1534 570; x_wconf 53' lang='grc' dir='ltr'><strong>ψ,</strong></span> 
     </span>
    </p>
   </div>
   <div class='ocr_carea' id='block_1_5' title="bbox 1225 2363 1322 2388">
    <p class='ocr_par' dir='ltr' id='par_1_5' title="bbox 1225 2363 1322 2388">
     <span class='ocr_line' id='line_1_37' title="bbox 1225 2363 1322 2388; baseline 0 0"><span class='ocrx_word' id='word_1_303' title='bbox 1225 2363 1322 2388; x_wconf 86' lang='lat'><strong>1—2</strong></span> 
     </span>
    </p>
   </div>
  </div>
 </body>
</html>
