1534 2444
99 105 176 143 xx
197 102 264 156 59]
356 104 445 141 DE
480 102 748 141 IMPERIO
790 101 876 140 CN.
916 101 1165 139 POMPEI.
1380 112 1424 137 21

97 212 288 262 legaretur
307 211 354 249 A.
377 207 569 248 Gabinius
589 209 662 248 Cn.
687 205 882 258 Pompeio
909 205 1111 256 expetenti
1131 218 1178 244 ac
1198 204 1426 256 postulanti.

99 277 243 315 Utrum
273 275 348 323 ille,
370 274 437 325 qui
466 275 640 325 postulat
668 274 718 312 ad
745 279 899 311 tantum
928 272 1075 311 bellum
1101 272 1285 321 legatum,
1308 283 1425 321 quem

101 341 204 388 velit,
235 340 401 380 idoneus
434 352 515 378 non
546 347 615 387 est,
646 338 714 389 qui
744 338 938 388 impetret,
971 350 1061 375 cum
1094 335 1214 376 ceteri
1242 336 1293 375 ad
1324 336 1428 386 expi-

99 406 237 444 landos
275 403 404 443 socios
441 403 762 454 diripiendasque
800 400 1035 452 provincias,
1070 414 1170 451 quos
1208 402 1426 449 voluerunt,

63 490 78 514 5
98 470 246 520 legatos
283 468 498 517 eduxerint,
538 482 590 507 an
627 468 724 519 ipse,
760 467 870 507 cuius
907 467 994 516 lege
1032 466 1136 504 salus
1174 479 1220 505 ac
1258 465 1428 517 dignitas

98 536 248 585 populo
288 537 472 574 Romano
506 542 624 584 atque
661 533 846 572 omnibus
883 531 1067 582 gentibus
1104 530 1320 570 constituta
1357 539 1427 579 est,

100 614 236 652 expers
262 614 348 640 esse
377 601 496 640 debet
521 599 666 651 gloriae
686 598 769 638 eius
798 597 1045 648 imperatoris
1073 604 1192 647 atque
1212 597 1296 636 eius
1323 610 1429 636 exer-

100 666 210 715 citus,
233 667 300 717 qui
329 666 495 705 consilio
523 665 648 715 ipsius
677 678 723 703 ac
752 663 929 714 periculo
958 670 1016 702 est
1044 661 1309 702 constitutus?
1363 664 1428 702 An
1449 666 1498 704 58

102 733 147 771 C.
171 731 379 778 Falcidius,
403 732 451 779 Q.
476 731 675 776 Metellus,
698 730 746 778 Q.
770 727 928 767 Caelius
956 727 1206 775 Latiniensis,
1229 728 1302 767 Cn.
1326 728 1425 767 Len·

52 819 82 835 ιο
101 799 216 847 tulus,
238 810 337 847 quos
358 809 496 836 omnes
522 796 684 835 honoris
702 808 822 834 causa
847 793 1022 842 nomino,
1044 807 1134 832 cum
1156 793 1303 833 tribuni
1322 795 1430 844 plebi

101 863 274 911 fuissent,
291 875 396 901 anno
416 861 596 913 proximo
611 860 728 912 legati
744 873 829 900 esse
849 867 1085 911 potuerunt3
1105 859 1146 898 in
1160 872 1241 899 uno
1257 860 1430 899 Gabinio

102 936 193 966 sunt
221 935 302 966 tam
332 927 551 977 diligentes,
580 926 648 976 qui
675 925 716 964 in
745 927 821 964 hoc
852 925 969 971 bello,
1000 925 1108 974 quod
1141 925 1228 975 lege
1261 925 1431 964 Gabinia

101 992 254 1043 geritur,
285 992 324 1030 in
358 993 434 1031 hoc
468 992 702 1042 imperatore
735 998 854 1041 atque
887 989 1072 1038 exercitu,
1106 1003 1226 1040 quem
1259 1003 1328 1041 per
1360 1004 1430 1030 vos

101 1058 184 1109 ipse
204 1058 416 1107 constituit,
439 1058 557 1098 etiam
578 1056 791 1108 praecipuo
811 1057 893 1096 iure
913 1069 999 1095 esse
1019 1057 1211 1096 deberet?
1268 1059 1330 1096 De
1350 1070 1431 1107 quo

51 1145 80 1168 15
99 1125 266 1174 legando
286 1125 468 1163 consules
496 1136 610 1173 spero
629 1123 680 1161 ad
700 1130 880 1161 senatum
908 1123 1106 1162 relaturos.
1168 1122 1248 1172 Qui
1268 1122 1300 1162 si
1320 1123 1432 1163 dubi-

101 1191 240 1229 tabunt
260 1198 327 1228 aut
346 1190 622 1240 gravabuntur,
645 1202 719 1240 ego
740 1202 804 1228 me
823 1189 1011 1239 profiteor
1035 1189 1245 1227 relaturum
1261 1202 1272 1237 3
1300 1202 1432 1240 neque

101 1267 164 1294 me
183 1254 373 1305 impediet
387 1255 620 1305 cuiusquam
640 1254 844 1294 inimicum
862 1253 1049 1301 edictum,
1066 1267 1148 1305 quo
1168 1253 1298 1293 minus
1318 1255 1431 1295 vobis

100 1321 217 1359 fretus
245 1327 415 1358 vestrum
442 1319 503 1358 ius
528 1321 846 1369 beneficiumque
872 1319 1098 1367 defendam,
1120 1333 1250 1370 neque
1277 1328 1433 1370 praeter

101 1384 421 1424 intercessionem
451 1385 663 1435 quicquam
693 1385 864 1431 audiam,
893 1385 943 1424 de
972 1398 1059 1435 qua,
1091 1392 1134 1424 ut
1162 1385 1337 1433 arbitror,
1367 1386 1431 1426 isti

48 1471 82 1488 20
99 1449 186 1500 ipsi,
206 1449 274 1500 qui
300 1450 509 1497 minantur,
531 1450 649 1489 etiam
677 1458 796 1501 atque
822 1450 953 1497 etiam,
975 1451 1073 1501 quid
1099 1450 1227 1499 liceat,
1253 1452 1432 1493 conside-

101 1517 254 1554 tabunt.
315 1517 409 1554 Mea
428 1515 587 1565 quidem
608 1517 813 1564 sententia,
838 1516 1022 1564 QuiriteS‚
1043 1529 1145 1555 unus
1166 1519 1214 1555 A.
1237 1518 1430 1557 Gabinius

102 1579 193 1619 belli
214 1579 394 1618 maritimi
415 1593 623 1630 rerumque
640 1588 836 1630 gestarum
858 1582 932 1620 Cn.
956 1581 1150 1631 Pompeio
1169 1581 1299 1621 socius
1319 1583 1431 1623 ascri-

102 1645 216 1692 bitur,
236 1653 442 1696 propterea
470 1646 579 1695 quod
608 1646 707 1684 alter
734 1645 802 1683 uni
828 1646 924 1684 illud
954 1647 1102 1686 bellum
1132 1647 1428 1698 suscipiendum

101 1710 236 1749 vestris
265 1709 453 1760 suffragiis
486 1709 636 1756 detulit,
667 1711 765 1750 alter
797 1712 972 1750 delatum
1002 1720 1311 1763 susceptumque
1339 1728 1431 1754 con-

47 1796 80 1820 25
96 1774 199 1814 feCit.

181 1842 269 1878 XX.
328 1839 540 1890 Reliquum
580 1847 648 1886 est,
689 1848 731 1879 ut
770 1841 820 1879 de
859 1842 907 1891 Q.
948 1841 1079 1881 Catuli
1117 1843 1352 1883 auctoritate
1390 1853 1429 1884 et
1449 1848 1496 1886 59

102 1903 295 1944 sententia
335 1903 550 1943 dicendum
594 1918 680 1944 esse
718 1906 907 1945 videatur.
981 1907 1060 1956 Qui
1105 1920 1194 1945 curn
1233 1921 1281 1947 ex
1318 1909 1429 1948 vobis

103 1976 316 2018 quaereret,
345 1967 376 2006 si
396 1968 436 2006 in
462 1982 542 2007 uno
564 1972 636 2008 Cn.
661 1971 854 2021 Pompeio
882 1971 1016 2010 omnia
1041 1972 1253 2021 poneretis,
1274 1973 1306 2012 si
1332 1974 1428 2024 quid

101 2046 150 2073 eo
168 2035 314 2072 factum
335 2042 448 2079 esset,
469 2033 510 2072 in
530 2047 609 2084 quo
630 2048 742 2085 spem
762 2035 898 2074 essetis
917 2036 1098 2084 habituri,
1114 2037 1219 2087 cepit
1240 2050 1427 2088 magnum

50 2121 82 2144 30
100 2112 194 2138 suae
223 2100 373 2138 virtutis
402 2101 567 2138 fructum
597 2113 644 2138 ac
673 2099 884 2150 dignitatis,
913 2115 1002 2140 cum
1029 2115 1168 2142 omnes
1197 2116 1276 2142 una
1303 2117 1429 2155 prope

100 2177 198 2203 voce
224 2164 262 2202 in
284 2178 333 2204 eo
362 2166 448 2215 ipso
475 2178 545 2203 vos
564 2178 675 2215 spem
704 2165 906 2205 habituros
933 2179 1020 2206 esse
1044 2167 1208 2207 dixistis.
1266 2170 1426 2208 Etenim

101 2229 189 2268 talis
208 2236 267 2268 est
285 2231 352 2277 vir,
374 2236 416 2267 ut
435 2230 543 2268 nulla
561 2243 621 2269 res
642 2239 751 2269 tanta
776 2231 825 2270 sit
844 2245 890 2270 ac
911 2239 990 2271 tam
1017 2232 1196 2282 difficilis,
1217 2247 1336 2284 quam
1362 2234 1427 2276 ille

102 2305 183 2332 non
202 2301 240 2333 et
258 2294 424 2333 consilio
442 2307 575 2346 regere
594 2302 634 2335 et
654 2295 875 2346 integritate
894 2297 993 2337 tueri
1013 2306 1051 2337 et
1070 2298 1212 2339 virtute
1232 2301 1427 2341 conficere
