1534 2444
616 0 636 21 s
643 0 674 13 *xc

127 95 186 133 XI
209 91 278 147 31]
383 95 472 132 DE
508 94 774 155 IMPERIO
816 95 902 133 CN.
945 94 1192 133 POMPEI.
1408 106 1449 130 11

126 211 217 236 cum
254 197 414 252 inimico
451 198 702 245 concertavit,
743 199 855 248 plura
891 195 1490 257 ἰ)εξΙΜΙΞνΕξρ-ε-ἰ-ιείηςῃρςῑῃ,Αεξὶῒςιῖί-Η

126 263 312 313 legerunt,
327 249 695 314 plufficlas
711 253 1019 313 confeciffi'ilam
1038 262 1103 301 alii
1123 262 1435 312 concupiverunt
1444 274 1455 308 3

126 328 234 367 cuius
271 328 536 368 adulescentia
572 329 621 367 ad
661 327 865 367 scientiam
902 327 957 366 rei
996 327 1170 366 militaris
1204 340 1286 365 non
1319 326 1454 365 alienis

126 392 354 443 praeceptis,
386 394 457 432 sed
489 392 567 431 suis
598 392 783 443 imperiis,
815 405 897 431 non
931 391 1213 430 offensionibus
1248 390 1351 438 belli,
1385 391 1455 429 sed

89 479 104 502 ⁵
125 457 306 505 victoriis,
334 471 414 497 non
443 457 659 508 stipendiis,
688 458 760 496 sed
788 456 996 507 triumphis
1026 464 1084 495 est
1113 455 1274 494 erudita.
1333 456 1456 504 Quod

126 522 297 573 denique
316 536 439 573 genus
459 536 544 562 esse
564 522 657 562 belli
677 530 820 573 potest,
841 522 881 560 in
908 535 987 572 quo
1011 522 1119 559 illum
1140 534 1221 560 non
1243 521 1456 560 exercuerit

126 589 279 627 fortuna
316 588 370 627 rei
407 588 619 639 publicae?
681 588 818 635 Civile,
859 587 1096 634 Africanum,
1137 586 1454 636 Transalpinum‚

129 652 395 703 Hispaniense
415 651 596 706 [mixtum
623 667 672 692 ex
696 653 918 692 civitatibus
939 659 1057 702 atque
1083 665 1130 691 ex
1150 651 1456 691 bellicosissimis

128 716 381 770 nationibus]‚
397 718 548 766 servile,
570 719 708 756 navale
728 718 886 763 bellum,
903 716 1009 755 varia
1027 724 1066 756 et
1086 716 1238 755 diversa
1255 729 1399 767 genera
1418 723 1457 755 et

76 804 106 820 10
126 783 313 821 bellorum
334 790 373 821 et
392 781 564 821 hostium
589 795 669 820 non
690 783 818 820 solum
838 789 948 832 gesta
967 782 1017 821 ab
1037 782 1114 820 hoc
1133 794 1226 828 uno,
1247 782 1316 820 sed
1337 780 1454 820 etiam

126 848 306 886 confecta
323 849 470 886 nullam
491 860 571 885 rem
592 860 678 886 esse
698 847 964 886 declarantin
990 860 1062 885 usu
1091 846 1256 897 positam
1288 845 1454 894 militari,

127 925 228 962 quae
247 912 362 950 huius
382 912 451 951 viri
471 912 675 952 scientiam
696 914 827 962 fugere
848 911 982 962 possit.

209 978 279 1015 XI.
330 977 416 1014 Iam
431 989 523 1015 vero
539 975 669 1015 virtuti
691 978 764 1015 Cn.
783 975 949 1026 Pompei
968 988 1070 1024 quae
1091 982 1222 1025 potest
1242 974 1368 1014 oratio
1388 989 1456 1025 par
1475 981 1522 1018 29

128 1041 320 1080 inveniri?
376 1041 484 1090 Quid
519 1049 589 1089 est,
624 1041 732 1091 quod
761 1041 970 1091 quisquam
999 1047 1066 1078 aut
1095 1040 1162 1079 illo
1192 1040 1355 1091 dignum
1389 1048 1457 1079 aut

77 1127 106 1151 ις
124 1104 236 1145 vobis
255 1118 403 1144 novum
424 1113 490 1144 aut
510 1105 691 1155 cuiquam
713 1105 934 1144 inauditum
955 1104 1079 1154 possit
1098 1105 1272 1144 adferre?
1316 1107 1457 1155 Neque

127 1171 232 1209 enim
252 1171 341 1210 illae
360 1179 450 1209 sunt
469 1171 575 1228 solae
591 1171 752 1209 virtutes
772 1170 1056 1220 imperatoriae,
1079 1183 1181 1220 quae
1197 1172 1314 1221 vulgo
1332 1171 1481 1234 existi-,m
1490 1200 1503 1222 ά
1527 1209 1534 1230 3·

72 1265 86 1270 ,
128 1244 292 1283 mantur,
314 1237 423 1275 labor
448 1235 488 1274 in
513 1221 701 1286 nzfft‘i'i‘sf
714 1234 903 1274 fortitudo
923 1236 963 1273 in
984 1235 1176 1285 periculis,
1199 1235 1389 1274 industria
1417 1236 1456 1274 in

127 1301 292 1351 agendo,
320 1301 496 1340 celeritas
525 1294 565 1339 ifi
594 1300 857 1348 conficiendo,
886 1300 1094 1339 consilium
1124 1300 1163 1338 in
1194 1290 1534 1351 providendam*

129 1378 229 1415 quae
259 1373 368 1404 tanta
397 1373 487 1404 sunt
521 1365 561 1403 in
594 1367 670 1404 hoc
703 1378 797 1412 uno,
828 1372 973 1415 quanta
1007 1365 1048 1403 in
1082 1365 1267 1404 omnibus
1299 1361 1456 1416 i'eliquis

77 1451 110 1469 20
127 1429 437 1481 imperatoribus,
452 1443 551 1480 quos
571 1438 637 1469 aut
656 1430 827 1469 vidimus
847 1437 913 1468 aut
933 1429 1164 1477 audivimus,
1186 1444 1268 1470 non
1288 1432 1457 1469 fuerunt.

130 1495 260 1534 Testis
279 1503 337 1535 est
358 1495 482 1541 Italia,
504 1508 622 1546 quam
642 1496 707 1534 ille
730 1495 814 1546 ipse
832 1496 957 1534 victor
983 1497 1024 1533 L.
1049 1497 1156 1534 Sulla
1182 1496 1296 1535 huius
1316 1495 1458 1535 virtute
1478 1502 1526 1540 30

130 1567 168 1598 et
187 1559 363 1599 subsidio
386 1561 588 1599 confessus
614 1568 672 1599 est
697 1560 900 1599 liberatam
914 1574 926 1608 3
955 1560 1064 1599 testis
1090 1569 1149 1599 est
1175 1561 1316 1608 Sicilia,
1338 1575 1458 1611 quam

129 1624 261 1663 multis
280 1624 456 1675 undique
476 1624 645 1664 cinctam
666 1625 848 1676 periculis
868 1638 948 1664 non
975 1634 1119 1664 terrore
1145 1625 1248 1674 belli,
1272 1626 1340 1665 sed
1368 1639 1457 1665 con—

130 1689 204 1728 silii
241 1690 437 1730 celeritate
476 1690 683 1741 explicavit
698 1704 710 1739 3
757 1689 864 1729 testis
902 1697 961 1728 est
994 1689 1136 1737 Africa,
1172 1704 1273 1740 quae
1306 1690 1458 1740 magnis

78 1774 109 1797 25
127 1766 313 1804 oppressa
349 1755 521 1793 hostium
550 1752 684 1804 'copiis
717 1767 852 1793 eorum
884 1754 1059 1804 ipsorum
1098 1755 1288 1804 sanguine
1318 1752 1534 1811 regum-*³3²*

130 1818 260 1866 davit3
289 1818 397 1858 testis
423 1827 482 1857 est
510 1819 647 1865 Gallia,
670 1832 739 1870 per
762 1833 879 1869 quam
906 1818 1125 1869 legionibus
1152 1819 1294 1858 nostris
1321 1819 1392 1858 iter
1419 1820 1459 1858 in

133 1882 366 1932 Hispaniam
386 1884 590 1922 Gallorum
609 1883 867 1923 internicione
893 1885 1131 1934 patefactum
1159 1891 1240 1932 est;
1271 1885 1380 1922 testis
1400 1892 1459 1924 est

134 1946 341 1997 Hispania,
361 1960 462 1996 quae
482 1947 709 1997 saepissime
730 1948 918 1997 plurimos
938 1950 1070 1987 hostes
1090 1949 1140 1987 ab
1160 1949 1237 1987 hoc
1258 1958 1459 1999 superatos

131 2019 422 2062 prostratosque
448 2012 654 2062 conspexit
669 2006 818 2077 3stestis
843 2012 903 2052 est
929 2015 1069 2052 iterum
1093 2021 1129 2051 et
1149 2013 1303 2068 saepius
1332 2014 1460 2063 Italia,

79 2098 110 2122 3c
129 2088 230 2125 quae
254 2078 345 2114 'cum
375 2075 502 2114 servili
527 2077 633 2115 bello
659 2084 784 2116 taetro
810 2069 1111 2127 periculosoque
1136 2085 1387 2127 premeretur,
1408 2080 1459 2118 ab

82 2160 105 2192 g
131 2141 418 2219 hocffiuxilium
446 2143 611 2181 absente
639 2142 836 2192 expetivit,
859 2143 967 2192 quod
993 2143 1138 2181 bellum
1166 2143 1460 2192 exspectatione

0 2174 477 2266 *ff'zl‘xis'atggnuatum
498 2215 616 2257 atque
637 2206 887 2246 imminutum
910 2214 978 2255 est,
1001 2207 1171 2245 adventu
1196 2208 1392 2246 sublatum
1414 2221 1460 2247 ac

133 2273 354 2321 sepultum3
397 2279 515 2311 testes
549 2285 655 2311 nunc
687 2285 779 2311 vero
811 2271 890 2310 iarn
924 2285 1062 2311 omnes
1097 2280 1188 2311 sunt
1222 2286 1313 2312 orae
1340 2280 1460 2324 atque
1479 2281 1521 2320 31
