1534 2444
109 131 248 168 XXIV
269 127 338 182 69]
394 130 483 167 DE
519 129 788 168 IMPERIO
830 128 918 167 CN.
958 128 1204 166 POMPEI.
1381 137 1427 176 25

101 232 342 283 accipiendis
361 233 508 272 maiore
529 232 645 271 adfici
665 231 908 282 turpitudine
928 231 1158 270 videremur.
1211 232 1330 269 Nunc
1350 243 1430 280 qua

101 297 316 348 cupiditate
341 297 522 337 homines
547 297 588 335 in
614 296 836 347 provincias
863 305 902 336 et
928 295 1070 346 quibus
1095 295 1265 342 iacturis,
1286 295 1429 346 quibus

102 363 402 402 condicionibus
432 362 741 413 proficiscantur,
764 363 944 413 ignorant
972 361 1158 401 videlicet
1185 361 1259 410 isti,
1281 363 1349 412 qui
1378 363 1430 401 ad

102 442 222 467 unum
251 429 464 468 deferenda
492 427 627 467 omnia
655 441 741 467 esse
770 441 852 466 non
882 427 1126 466 arbitrantur.
1186 428 1311 477 Quasi
1336 441 1429 467 vero

67 515 82 539 5
100 496 174 534 Cn.
204 493 439 544 Pompeium
466 507 547 532 non
574 507 665 532 cum
693 494 772 532 suis
798 493 1017 538 virtutibus,
1038 500 1122 531 tum
1149 491 1266 532 etiam
1293 493 1430 532 alienis

101 559 202 598 vitiis
221 572 406 610 magnum
429 571 514 597 esse
537 559 750 597 videamus.
811 559 943 607 Quare
971 558 1095 596 nolite
1124 557 1312 604 dubitare,
1334 558 1429 609 quin
1447 563 1497 601 68

101 624 191 662 huic
217 625 283 662 uni
310 625 477 663 credatis
503 622 650 669 omnia,
671 622 739 673 qui
765 622 866 661 inter
891 629 951 661 tot
976 635 1102 661 annos
1127 636 1229 661 unus
1248 624 1429 663 inventus

102 689 162 737 sit,
183 701 301 739 quem
322 687 416 727 socii
436 689 475 726 in
496 690 611 727 urbes
631 701 720 726 suas
740 701 831 727 cum
853 687 1024 726 exercitu
1044 687 1198 726 venisse
1217 689 1425 738 gaudeant.

182 753 336 803 Quodsi
356 753 651 793 auctoritatibus
672 755 773 793 hanc
793 766 964 800 causam,
986 752 1169 802 Quirites,
1192 755 1428 793 confirman-

51 841 82 858 ιο
100 821 191 858 dam
218 819 375 870 putatis,
404 828 462 858 est
489 821 601 858 vobis
630 827 766 858 auctor
790 818 847 857 vir
873 819 1066 857 bellorum
1096 819 1276 858 omnium
1310 821 1430 858 maxi-

102 897 333 934 marumque
358 897 486 923 rerum
512 883 780 934 peritissimus,
804 884 844 921 P.
868 882 1062 930 Servilius,
1084 884 1196 922 cuius
1215 891 1349 923 tantae
1367 898 1428 924 res

101 956 234 999 gestae
264 956 364 988 terra
392 948 568 998 marique
599 947 839 997 exstiterunt,
868 956 922 994 ut,
950 961 1041 987 cum
1071 948 1122 987 de
1149 948 1253 987 bello
1284 949 1429 989 delibe-

103 1014 206 1062 retis,
227 1022 363 1053 auctor
382 1014 493 1053 vobis
512 1015 667 1064 gravior
692 1027 777 1053 esse
803 1026 924 1052 nemo
950 1014 1119 1060 debeat3
1147 1021 1206 1053 est
1227 1014 1271 1053 C.
1295 1016 1426 1064 Curio,

102 1079 264 1118 summis
294 1078 430 1118 vestris
456 1078 656 1118 beneficiis
683 1078 942 1129 maximisque
970 1080 1086 1118 rebus
1113 1079 1244 1130 gestis,
1272 1094 1429 1121 summo

51 1164 80 1188 ις
100 1143 258 1194 ingenio
287 1152 326 1183 et
357 1143 566 1194 prudentia
594 1144 805 1194 praeditus,
838 1152 897 1183 est
932 1145 1005 1183 Cn.
1041 1146 1243 1194 Lentulus,
1276 1146 1316 1185 in
1348 1161 1428 1198 quo

103 1221 240 1248 omnes
278 1222 350 1259 pro
388 1207 639 1259 amplissimis
675 1208 812 1248 vestris
850 1209 1068 1248 honoribus
1099 1223 1298 1250 summum
1337 1226 1430 1252 con-

102 1272 243 1321 silium,
265 1286 459 1312 summam
479 1274 707 1325 gravitatem
728 1287 814 1313 esse
834 1274 1084 1325 cognovisti8‚
1106 1283 1165 1314 est
1185 1277 1231 1315 C.
1255 1278 1427 1327 Cassius,

102 1337 332 1389 integritate,
371 1340 524 1386 virtute,
564 1339 786 1378 constantia
838 1339 1032 1390 singulari.
1102 1341 1236 1389 Quare
1284 1342 1427 1392 videte,

103 1405 295 1443 horumne
329 1404 628 1443 auetoritatibus
661 1404 818 1444 illorum
853 1404 1031 1451 orationi,
1071 1405 1139 1456 qui
1178 1406 1428 1456 dissentiunt,

49 1489 83 1507 20
101 1469 339 1519 respondere
363 1481 480 1518 posse
504 1469 718 1508 videamur.

182 1535 331 1572 XXIV.
392 1535 505 1584 Quae
531 1548 622 1574 cum
646 1534 700 1574 ita
730 1535 819 1584 sint,
854 1536 899 1575 C.
930 1535 1080 1584 Manili,
1114 1536 1282 1587 primum
1314 1538 1428 1578 istam
1449 1546 1498 1584 69

103 1605 210 1637 tuam
230 1605 269 1638 et
287 1600 414 1650 legem
436 1607 474 1639 et
493 1602 738 1640 voluntatem
758 1608 797 1639 et
818 1600 1055 1640 sententiam
1081 1603 1201 1642 laudo
1221 1604 1431 1644 vehemen-

102 1662 329 1714 tissimeque
348 1666 568 1715 comprobo
577 1680 587 1714 3
616 1665 763 1705 deinde
789 1673 828 1705 te
854 1668 999 1715 hortor,
1021 1675 1064 1706 ut
1089 1677 1250 1709 auctore
1278 1672 1430 1721 populo

103 1730 287 1769 Romano
324 1743 485 1770 maneas
522 1731 562 1769 in
600 1731 797 1770 sententia
833 1744 935 1771 neve
972 1732 1205 1784 cuiusquam
1243 1735 1323 1774 vim
1362 1745 1430 1775 aut

51 1813 82 1838 ,ς
101 1793 229 1833 minas
248 1794 514 1844 pertimescas.
574 1796 747 1834 Primum
779 1796 820 1835 in
847 1804 885 1835 te
913 1798 1006 1836 satis
1035 1811 1121 1837 esse
1146 1799 1269 1838 animi
1299 1814 1427 1851 perse-

103 1859 379 1909 verantiaeque
412 1861 600 1909 arbitr0r3
640 1861 798 1908 deinde,
830 1875 921 1900 cum
952 1871 1103 1902 tantam
1136 1865 1429 1906 multitudinem

104 1936 195 1962 cum
215 1931 326 1963 tanto
345 1925 477 1964 studio
496 1926 635 1965 adesse
654 1926 870 1974 videamus,
892 1935 1081 1977 quantam
1101 1928 1242 1968 iterum
1263 1945 1370 1971 nunc
1389 1932 1429 1972 in

104 1988 246 2027 eodem
266 1988 428 2028 homine
448 1990 714 2039 praeficiendo
733 1990 925 2038 videmus,
948 1992 1043 2041 quid
1063 2001 1134 2040 est,
1156 1995 1264 2044 quod
1292 2004 1360 2035 aut
1380 1998 1430 2036 de

104 2066 144 2092 re
181 2060 249 2092 aut
280 2053 332 2092 de
364 2054 592 2103 perficiendi
630 2056 815 2094 facultate
849 2057 1106 2096 dubitemus?
1164 2060 1249 2109 Ego
1282 2069 1428 2110 autem,

51 2139 84 2164 30
102 2118 291 2169 quicquid
311 2125 370 2157 est
389 2118 430 2157 in
454 2132 519 2158 me
548 2119 677 2166 studii,
698 2120 862 2167 consilii,
884 2121 1041 2169 laboris,
1062 2123 1220 2173 ingenii,
1242 2125 1430 2177 quicquid

103 2182 180 2222 hoc
198 2182 392 2222 beneficio
411 2184 549 2234 populi
571 2184 742 2223 Romani
769 2192 888 2237 atque
914 2186 988 2224 hac
1007 2194 1204 2237 potestate
1222 2192 1428 2240 praetoria,

103 2246 294 2298 quicquid
323 2247 568 2294 auctoritate,
600 2249 688 2295 fide,
720 2250 943 2288 constantia
968 2264 1141 2300 possum,
1164 2253 1203 2291 id
1233 2267 1352 2294 omne
1377 2258 1430 2296 ad

103 2311 206 2351 hanc
225 2325 306 2352 rem
327 2313 616 2352 conficiendam
638 2314 708 2352 tibi
734 2322 774 2353 et
797 2316 947 2365 populo
967 2318 1154 2356 Romano
1173 2319 1365 2368 polliceor
1382 2335 1429 2361 ac
