1534 2444
125 105 181 142 lx
205 101 272 155 25]
379 104 469 141 DE
504 103 774 142 IMPERIO
816 103 902 141 CN.
943 102 1191 142 POMPEI.
1430 115 1454 152 9

121 220 283 258 regnum
304 215 565 258 congesserat,
587 207 627 246 in
648 209 779 247 Ponto
806 221 966 247 omnem
994 207 1161 258 reliquit.
1221 209 1336 246 Haec
1355 208 1452 248 dum

121 271 243 311 nostri
281 272 472 323 colligunt
515 271 650 312 omnia
695 272 933 323 diligentius,
973 286 1040 312 rex
1062 272 1170 323 -ipse
1208 286 1230 311 e
1268 272 1452 311 manibus

121 338 265 389 effugit.
322 338 383 377 Ita
399 328 512 395 ‘illum
532 338 572 377 in
592 339 856 390 persequendi
878 338 1010 378 studio
1029 351 1193 386 maeror,
1212 339 1285 378 hos
1305 338 1452 378 laetitia

121 404 296 444 tardavit.
371 397 492 443 Hunc
536 404 576 443 in
614 405 682 443 illo
729 406 870 443 timore
914 412 952 444 et
998 405 1090 461 fuga
1135 400 1335 454 Tigranes,
1385 417 1452 443 rex
1471 409 1520 447 23

85 490 100 513 ⁵
119 469 341 517 Armenius,
363 470 517 520 excepit
543 470 871 520 diffidentemque
897 471 1014 509 rebus
1041 470 1119 509 suis
1147 469 1392 509 confirmavit
1412 475 1452 508 et

118 533 320 572 adflictum
349 533 469 573 erexit
500 533 777 585 perditumque
806 534 1004 573 recreavit.
1063 534 1188 575 Cuius
1216 534 1257 572 in
1287 547 1450 584 regnum

119 606 379 649 posteaquam
410 600 452 637 L.
483 600 671 639 Lucullus
699 613 789 638 cum
820 599 991 639 exercitu
1021 598 1139 646 venit,
1170 600 1302 650 plures
1331 599 1448 638 etiam

119 673 257 716 gentes
276 674 414 704 contra
439 665 715 715 imperatorem
743 674 923 704 nostrum
947 665 1170 705 concitatae
1195 673 1296 705 sunt.
1356 655 1450 705 Erat

120 731 224 770 enim
246 740 372 771 metus
393 731 559 771 iniectus
585 731 631 770 iis
651 731 891 778 nationibus,
913 745 1011 782 quas
1037 744 1254 782 numquam
1278 733 1449 782 populus

68 818 98 834 ιο
118 797 324 836 Romanus
352 810 481 847 neque
507 797 758 836 lacessendas
778 798 885 836 bello
912 809 1042 847 neque
1061 797 1314 846 temptandas
1339 804 1450 847 puta·

118 860 195 909 vit3
233 870 314 900 erat
348 861 465 900 etiam
499 861 576 900 alia
608 861 735 912 gravis
769 869 888 912 atque
920 863 1135 900 vehemens
1168 861 1317 912 opinio,
1347 875 1448 911 quae

119 924 271 964 animos
299 926 474 976 gentium
502 927 750 966 barbararum
778 934 1012 977 pervaserat,
1041 926 1123 965 sani
1150 927 1447 978 locupletissimi

120 1000 158 1031 et
186 992 464 1043 religiosissimi
494 993 705 1044 diripiendi
735 1007 854 1032 causa
884 993 923 1032 in
950 1006 1016 1032 eas
1043 1006 1130 1032 oras
1161 1002 1336 1032 nostrum
1362 1007 1447 1033 esse

118 1057 329 1097 exercitum
362 1059 589 1098 adductum.
650 1060 713 1098 Ita
745 1058 926 1098 nationes
957 1060 1103 1097 multae
1132 1065 1251 1108 atque
1281 1071 1447 1109 magnae

67 1145 96 1169 ¹5
115 1137 221 1163 novo
241 1124 416 1174 quodam
437 1132 580 1164 terrore
600 1138 647 1163 ac
666 1132 775 1163 metu
795 1124 1106 1163 concitabantur.
1148 1125 1296 1163 Noster
1314 1132 1445 1163 autem

117 1189 306 1228 exercitus
328 1189 481 1228 tametsi
497 1192 633 1229 urbem
655 1203 702 1228 ex
717 1188 898 1240 Tigranis
917 1202 1037 1240 regno
1053 1198 1211 1239 ceperat
1231 1196 1270 1228 et
1290 1189 1446 1239 proeliis

117 1266 209 1292 usus
235 1261 317 1292 erat
345 1254 539 1301 secundis,
562 1254 696 1293 tamen
724 1253 849 1292 nimia
876 1253 1164 1304 longinquitate
1193 1255 1371 1293 locorum
1399 1268 1446 1293 ac

116 1318 311 1358 desiderio
348 1332 506 1358 suorum
549 1320 886 1375 commovebatur.
960 1318 1042 1357 Hic
1086 1318 1163 1357 iam
1208 1320 1321 1370 plura
1364 1323 1531 1388 non&

118 1383 246 1422 dicam
262 1396 272 1430 3
301 1383 371 1422 fuit
395 1383 501 1422 enim
521 1384 618 1423 illud
643 1392 876 1431 extremum,
895 1392 938 1422 ut
959 1397 1006 1422 ex
1032 1383 1079 1423 iis
1099 1384 1195 1423 locis
1215 1397 1238 1422 a
1258 1384 1446 1424 militibus

65 1469 98 1486 »ο
115 1447 258 1486 nostris
276 1447 423 1486 reditus
443 1447 566 1500 magis
586 1457 763 1487 maturus
783 1461 902 1499 quam
922 1448 1143 1499 progressio
1159 1448 1312 1500 longior
1331 1463 1446 1500 quae-

117 1520 273 1573 reretur.
314 1512 564 1553 Mithridates
584 1522 716 1553 autem
737 1521 776 1552 et
791 1527 903 1552 suam
919 1527 1084 1569 ⁴manum
1103 1513 1181 1552 iam
1196 1516 1446 1554 confirmarat

28 1571 179 1643 &²⁷13
197 1555 356 1625 xeorum,
386 1578 455 1629 qui
484 1592 525 1618 se
554 1593 601 1618 ex
628 1579 751 1630 ipsius
778 1592 900 1630 regno
929 1577 1200 1632 collegerant]‚
1227 1587 1266 1619 et
1293 1580 1446 1631 magnis

0 1627 36 1677 ἦ
115 1642 345 1706 agg—euticus
364 1642 516 1682 auxiliis
542 1645 754 1683 multorum
773 1657 907 1694 regum
935 1650 974 1683 et
994 1645 1199 1683 nationum
1226 1645 1443 1686 iuvabatur.

118 1710 222 1748 Nam
242 1709 319 1748 hoc
339 1710 417 1758 fere
438 1709 494 1748 sic
520 1709 601 1749 fieri
628 1711 752 1749 solere
778 1709 1016 1760 accepimus,
1038 1717 1081 1759 ut
1106 1723 1242 1762 regum
1263 1711 1445 1752 adflictae

64 1795 96 1819 25
113 1763 292 1813 fortunae
319 1773 433 1813 facile
458 1775 674 1814 multorum
703 1788 802 1825 opes
830 1774 1020 1814 adliciant
1045 1775 1094 1814 ad
1121 1775 1443 1826 misericordiam,

116 1838 366 1888 maximeque
386 1851 534 1887 eorum,
557 1838 623 1889 qui
652 1846 721 1878 aut
740 1852 851 1890 reges
868 1837 970 1878 Jsunt
995 1846 1062 1878 aut
1082 1841 1218 1879 vivunt
1243 1840 1284 1880 in
1310 1855 1442 1892 regno,

117 1910 159 1942 ut
193 1901 238 1940 iis
270 1905 580 1954 nomenjegale
613 1917 800 1954 magnum
837 1914 876 1944 et
914 1912 1095 1943 sanctum
1134 1919 1220 1945 esse
1252 1907 1441 1947 videatur.

119 1970 258 2019 Itaque
296 1974 448 2006 tantum
479 1970 604 2007 vietus
642 1970 795 2008 efficere
832 1969 973 2019 potuit,
1005 1978 1196 2019 quantum
1234 1972 1444 2012 incolumis
1461 1978 1508 2015 25

117 2030 330 2084 numquam
351 2040 411 2072 est
429 2045 546 2072 ausus
572 2042 718 2084 optare.
778 2036 883 2073 Nam
903 2048 994 2073 cum
1021 2048 1062 2074 se
1083 2036 1122 2074 in
1142 2050 1306 2087 regnum
1327 2053 1440 2078 suum

46 2098 336 2148 ·30recepisset,
369 2111 451 2137 non
484 2098 557 2137 fuit
589 2112 637 2137 eo
671 2107 892 2146 contentus,
928 2101 1037 2151 quod
1071 2102 1105 2140 ei
1141 2110 1294 2152 praeter
1330 2118 1440 2155 spem

115 2162 322 2210 acciderat,
343 2170 386 2201 ut
403 2162 522 2211 illam,
544 2171 801 2214 posteaquam
823 2165 958 2214 pulsus
978 2172 1070 2214 erat,
1093 2173 1232 2206 terram
1252 2181 1441 2219 umquam

52 2234 58 2237 s
115 2230 331 2279 attingeret,
353 2229 423 2267 sed
443 2228 484 2266 in
510 2228 723 2268 exercitum
744 2237 920 2268 nostrum
947 2231 1096 2270 clarum
1116 2240 1233 2283 atque
1253 2233 1440 2274 victorem

113 2292 304 2344 impetum
341 2293 443 2333 fecit.
515 2293 639 2334 Sinite
683 2295 761 2333 hoc
798 2296 898 2341 loco,
939 2296 1122 2346 Quirites,
1162 2298 1262 2338 sicut
1299 2310 1442 2350 poetae
