1534 2444
749 65 800 116 83

204 279 409 320 INDEX
451 277 536 320 TO
577 278 712 319 THE
753 277 925 320 TEXT
968 277 1106 318 AND
1148 275 1358 319 NOTES

419 364 595 405 WITH
640 364 898 406 PHRASE
941 363 1131 406 LISTS.

120 505 185 536 771⁶
207 504 377 546 references
399 515 457 536 are
477 505 577 546 given
600 505 640 545 by
661 505 776 536 section
799 505 873 535 and
892 504 969 536 line.
1025 504 1139 535 W‘here
1159 503 1212 535 the
1234 513 1348 544 usagts
1369 502 1410 544 of
1423 514 1444 534 a

199 548 292 579 word
307 548 389 579 have
408 549 480 579 been
499 548 645 580 collected
661 548 698 579 in
718 559 739 578 a
760 552 842 584 note,
863 547 917 579 the
935 552 1007 579 note
1026 547 1054 578 is
1073 547 1226 588 specially
1239 546 1386 589 referred
1401 551 1443 578 lo.

209 591 321 623 Wordr
330 592 473 632 printed
483 591 520 623 in
537 591 644 622 italics
658 602 753 623 occur
766 592 803 622 in
818 591 871 622 tlte
885 595 981 627 notes,
997 595 1054 622 not
1067 592 1104 621 in
1119 590 1174 622 tlte
1188 594 1263 621 text.

113 669 142 700 A
167 678 205 699 or
226 668 287 699 ab:

198 721 218 742 a
239 711 327 742 binis
348 710 492 742 hostium
514 710 619 752 copiis
641 720 673 751 9,
692 723 712 750 4

199 765 218 785 a
240 754 427 785 calamitate
449 753 625 785 defendere
652 764 700 793 14,
720 764 738 794 3

198 807 219 828 a
241 797 387 838 periculo
410 797 584 838 prohibere
610 806 659 839 19,
686 806 743 837 17;

242 841 300 871 but
323 840 365 872 cf.
394 842 440 878 18,
461 840 480 872 6

199 884 299 925 longe
321 894 341 915 a
361 883 463 915 domo
485 883 609 914 bellare
632 893 685 924 32,
706 890 743 923 17

198 927 241 958 ab
257 928 319 958 hac
331 927 456 958 ratione
468 926 639 958 dissentire
656 935 707 966 51,
725 937 743 967 3

198 981 218 1001 a
227 970 392 1001 senatorio
404 970 506 1011 gradu
520 970 617 1011 longe
629 970 744 1001 abesse

242 1012 294 1050 61,
313 1023 352 1054 23

112 1056 274 1088 ablative:

198 1104 317 1131 cuncta
338 1099 419 1130 Asia
446 1109 495 1138 12,
514 1109 532 1139 5

198 1148 270 1174 toto
292 1143 374 1173 mari
398 1152 450 1183 31,
470 1153 488 1183 3

198 1191 284 1217 terra
306 1185 452 1227 marique
474 1186 526 1225 48,
546 1186 566 1217 8

198 1229 316 1267 hieme,
343 1239 429 1265 vere,
453 1234 577 1260 aestate
601 1237 650 1269 35,
672 1238 714 1269 30

197 1272 286 1304 bello
308 1271 475 1314 superiore
499 1279 528 1312 7,
550 1281 586 1303 11

196 1320 343 1347 extrema
365 1315 505 1356 pueritia
528 1316 580 1354 28,
599 1325 636 1355 31

197 1358 291 1390 initio
313 1358 391 1390 belli
419 1368 466 1400 19,
490 1368 526 1390 12

197 1401 323 1433 difficili
345 1401 392 1433 rei
418 1401 570 1443 publicae
594 1406 744 1443 tempore

240 1443 294 1482 61,
311 1455 353 1476 2ο

197 1488 317 1520 referto
333 1488 535 1529 praedonum
550 1487 633 1519 mari
652 1498 702 1529 31,
722 1487 743 1520 6

197 1531 296 1562 salvis
317 1531 414 1562 sociis
438 1541 488 1569 21,
513 1533 549 1563 18

197 1574 335 1606 ducibus
357 1574 416 1605 dis'
433 1584 483 1614 50,
503 1584 544 1615 30

197 1617 326 1649 collatis
346 1617 447 1659 signis
470 1616 522 1655 66,
538 1628 579 1650 ⁴21

195 1666 305 1692 vestro
326 1660 415 1692 iussu
438 1660 488 1699 26,
508 1659 530 1692 6

197 1704 267 1735 eius
289 1704 432 1735 adventu
458 1713 508 1744 30,
529 1714 566 1744 32

197 1752 314 1787 rogatu
335 1747 526 1788 cuiusquam
552 1756 600 1786 70,
621 1760 641 1788 4

196 1789 329 1821 difficile
349 1789 440 1821 dictu
464 1800 516 1830 42,
540 1801 550 1821 1

197 1833 267 1864 iure
289 1842 348 1864 suo
371 1831 424 1872 63,
443 1843 480 1864 21

196 1886 263 1907 uno
286 1875 424 1907 consilio
446 1886 478 1918 9,
496 1889 516 1916 4

196 1919 347 1951 consulto
370 1917 420 1956 26,
440 1928 460 1960 9

198 1962 334 1994 consilio
370 1961 479 1994 valere
516 1972 569 2003 42,
601 1972 661 2002 303
697 1961 736 1994 cf.

239 2006 343 2037 classe
366 2013 419 2045 54,
438 2016 478 2046 32

811 668 970 710 accipere,
992 668 1072 699 with
1096 668 1282 700 accusative
1305 667 1371 699 and
1395 667 1443 698 in-

940 711 1068 743 finitive
1091 721 1142 751 24,
1162 721 1203 751 24

811 754 871 786 ad:
906 754 1043 786 facultas
1067 754 1110 785 ad
1133 754 1297 795 agendum
1326 764 1357 791 2,
1385 763 1444 796 ι9;

940 797 982 828 cf.
1007 810 1037 838 4,
1061 806 1097 837 15

898 841 1102 872 inflammare
1122 841 1163 872 ad
1185 839 1329 871 studium
1351 839 1385 879 6,
1403 850 1443 881 33

897 884 940 915 ad
965 883 1341 925 oblivionem...tempus
1366 893 1443 915 con-

941 927 1024 959 ferre
1046 936 1076 969 9,
1097 937 1139 968 29

899 970 941 1001 ad
964 970 1052 1001 bona
1074 970 1215 1012 pertinet
1242 978 1292 1010 17,
1311 969 1352 1002 26

898 1013 941 1044 ad
964 1013 1087 1045 bellum
1110 1013 1299 1045 incumbere
1323 1023 1354 1055 9,
1375 1023 1414 1055 ²3

898 1057 941 1088 ad
963 1063 1108 1088 nostram
1132 1057 1324 1088 memoriam
1349 1067 1401 1096 54,
1421 1067 1433 1088 1

897 1099 1095 1141 tempestivo
1136 1100 1180 1130 ad
1221 1100 1442 1141 navigandum

940 1153 1022 1174 marl
1047 1153 1099 1184 34,
1121 1153 1159 1182 14

810 1186 972 1228 adjective
994 1186 1046 1218 for
1070 1186 1194 1218 adverb
1220 1196 1270 1227 13,
1301 1197 1356 1227 153
1387 1196 1440 1228 45,

941 1239 1000 1270 3²3
1025 1231 1077 1269 48,
1100 1240 1137 1270 ¹3

810 1273 933 1304 adverb
977 1273 1044 1304 and
1089 1273 1252 1315 adjective
1292 1272 1443 1314 together

810 1368 926 1401 agere:
940 1323 992 1390 {gd
1013 1325 1177 1400 {gendum
1195 1357 1282 1400 (cum
1304 1358 1440 1401 populo)

944 1413 973 1441 1,
993 1413 1010 1433 2

896 1446 1003 1487 agitur
1025 1445 1057 1484 6,
1080 1456 1115 1483 ις
1144 1456 1193 1485 14,
1212 1456 1253 1486 30

809 1489 988 1530 aliquando
1012 1488 1063 1529 56,
1084 1499 1143 1530 30;
1167 1488 1219 1529 64,
1239 1499 1282 1530 30

809 1533 991 1564 amoenitas
1014 1543 1066 1571 40,
1090 1543 1125 1563 12

809 1585 987 1656 Ξὲξιξιῐῖςόὲζ
1006 1585 1070 1657 Ξο;
1093 1620 1147 1660 69,
1167 1628 1205 1659 25

808 1662 1003 1694 antecellere
1031 1673 1079 1702 14,
1099 1673 1116 1693 2

809 1705 917 1746 apud:
941 1705 1029 1746 apud
1053 1705 1196 1747 aliquem
1218 1706 1327 1737 valere
1350 1714 1402 1745 51,
1420 1718 1440 1746 4

894 1749 983 1789 apud
1006 1754 1133 1780 exteras
1155 1749 1305 1780 nationes
1327 1748 1379 1789 65,
1401 1758 1418 1789 7

808 1796 842 1822 at
865 1792 954 1823 enim
978 1802 1030 1832 51,
1050 1802 1110 1832 33;
1134 1791 1186 1830 60,
1206 1804 1226 1832 4

808 1839 924 1866 auctor
944 1840 994 1866 est
1016 1835 1111 1866 vobis
1134 1835 1188 1873 68,
1211 1845 1249 1867 10

808 1882 940 1909 auctore
962 1878 1086 1919 populo
1108 1876 1162 1919 69,
1181 1889 1222 1919 23

809 1920 986 1952 auctoritas
1011 1921 1061 1959 28,
1083 1929 1141 1961 27;
1164 1931 1217 1962 43,
1239 1928 1277 1962 73
1301 1920 1354 1959 68,
1378 1931 1415 1964 19

810 2006 1015 2048 Brachylogy
1043 2008 1090 2045 18,
1112 2015 1150 2047 73
1174 2005 1226 2046 66,
1249 2008 1288 2039 18

196 2048 345 2080 ubertate
371 2059 522 2089 agrorum
547 2049 742 2080 antecellere
804 2066 809 2070 ·

196 2102 367 2177 stissixci'fi’s
383 2134 538 2167 consectis
554 2145 624 2167 esse
641 2135 692 2171 26,
710 2137 730 2167 8

196 2188 263 2220 quo
278 2178 389 2210 animo
404 2188 475 2210 esse
489 2178 616 2210 debetis
636 2189 648 2210 1
659 2189 684 2214 1,
700 2189 736 2210 21

197 2226 320 2263 quanta
334 2222 522 2254 innocentia
533 2222 655 2253 debent
671 2232 741 2253 esse

197 2306 225 2338 si
239 2263 376 2349 ggid4eo
390 2307 512 2339 sactum
528 2313 611 2340 esset
629 2317 681 2350 59,
701 2309 741 2339 28

810 2093 937 2134 Capere
959 2093 1086 2125 animos
1109 2103 1148 2125 ac
1170 2093 1302 2136 spiritus
1325 2092 1378 2132 66,
1399 2104 1440 2126 2ο

808 2146 918 2168 carere
943 2144 994 2176 55,
1013 2146 1034 2178 9

895 2180 1007 2221 Appia
1028 2180 1081 2211 via
1103 2181 1295 2211 carebamus
1319 2190 1370 2220 55,
1390 2191 1427 2212 21

807 2222 938 2254 celeber
961 2233 1012 2263 33,
1033 2233 1073 2264 29

808 2266 1008 2297 centuriatus
1032 2275 1084 2307 37,
1107 2277 1141 2298 11

808 2309 971 2340 chiasmus
1000 2320 1046 2348 11,
1067 2309 1129 2348 263
1156 2320 1204 2352 15,
1224 2320 1245 2352 9
