1534 2444
124 111 224 149 xv1
245 107 313 162 47]
378 110 468 147 DE
504 109 772 148 IMPERIO
813 109 902 147 CN.
942 107 1191 146 POMPEI.
1408 114 1451 152 17

125 216 280 253 firmum
295 213 534 265 praesidium
550 211 752 264 provincia
768 226 848 251 non
869 212 1040 260 haberet,
1059 210 1288 250 amisissetis
1304 208 1454 257 Asiam,

126 279 312 329 Quirites,
342 278 419 318 nisi
448 280 499 318 ad
525 280 654 329 ipsum
683 278 895 318 discrimen
926 277 1008 316 eius
1043 275 1233 326 temporis
1266 274 1455 314 divinitus

126 347 200 386 Cn.
232 345 465 396 Pompeium
504 346 556 385 ad
593 358 660 384 eas
692 343 871 395 regiones
909 344 1066 382 fortuna
1102 341 1241 393 populi
1281 339 1455 380 Romani

126 411 328 451 attulisset.
389 411 521 450 Huius
541 411 734 450 adventus
761 417 800 448 et
828 408 1100 447 Mithridatem
1123 406 1283 446 insolita
1306 396 1455 445 inflam-

91 497 106 520 5
126 483 274 516 matum
295 475 457 515 victoria
479 475 675 515 continuit
701 482 741 514 et
769 473 982 525 Tigranem
1006 471 1158 524 magnis
1185 471 1311 522 copiis
1341 470 1455 509 mini-

127 547 276 580 tantem
323 540 440 579 Asiae
487 539 707 579 retardavit.
766 539 817 576 Et
855 536 1064 588 quisquam
1102 536 1311 583 dubitabit,
1357 535 1454 585 quid

127 605 267 645 virtute
286 606 524 656 perfecturus
545 605 604 651 sit,
627 603 694 655 qui
722 611 874 642 tantum
896 601 1129 641 auctoritate
1150 600 1366 652 perfecerit,
1387 608 1456 639 aut

128 684 246 720 quam
284 671 396 710 facile
434 670 599 721 imperio
637 678 755 719 atque
788 667 960 708 exercitu
1000 667 1128 707 socios
1174 677 1214 707 et
1251 666 1457 718 vectigalia

128 744 426 776 conservaturus
455 736 514 784 sit,
546 735 614 785 qui
642 734 729 785 ipso
758 734 920 774 nomine
948 748 996 774 ac
1024 747 1179 773 rumore
1207 733 1455 773 defenderit?

80 822 109 839 ιο
128 802 237 854 XXI.
296 803 380 852 Age
401 814 492 840 vero
513 801 578 838 illa
598 813 658 839 res
678 808 867 849 quantam
887 800 1061 838 declarat
1079 798 1256 838 eiusdem
1286 797 1456 836 hominis
1474 796 1525 834 46

128 853 235 918 ap-ud
272 869 404 906 hostes
442 867 581 918 populi
614 865 788 905 Romani
818 866 1105 913 auctoritatem,
1142 865 1251 915 quod
1283 878 1330 903 ex
1359 864 1457 903 locis

131 940 209 972 tam
237 933 462 983 longinquis
488 940 649 982 tamque
675 931 838 971 diversis
869 939 949 970 tam
981 931 1088 970 brevi
1114 938 1292 981 tempore
1318 943 1457 969 omnes

133 998 223 1036 huic
251 1011 292 1036 se
321 999 388 1036 uni
420 997 676 1036 dediderunt!
710 998 819 1048 quod
854 995 1102 1036 Cretensium
1134 995 1261 1046 legati,
1292 1008 1383 1034 cum
1417 995 1457 1033 in

131 1076 266 1120 eorum
292 1063 419 1102 insula
443 1071 576 1102 noster
609 1063 820 1113 imperator
845 1061 1118 1111 exercitusque
1149 1069 1262 1108 esset,
1295 1062 1348 1100 ad
1381 1062 1455 1101 Cn.

82 1149 110 1173 ις,
130 1129 362 1180 Pompeium
411 1128 450 1167 in
499 1128 657 1167 ultimas
694 1141 817 1179 prope
866 1130 986 1166 'terras
1023 1134 1212 1166 venerunt
1255 1126 1369 1177 eique
1416 1140 1457 1166 se

132 1206 270 1232 omnes
300 1193 547 1232 Cretensium
572 1192 749 1232 civitates
778 1193 922 1231 dedere
950 1192 1048 1230 velle
1077 1191 1284 1230 dixerunt!
1325 1191 1458 1240 Quid?

131 1258 235 1298 idem
275 1258 348 1298 iste
379 1255 629 1297 Mithridates
663 1271 797 1296 nonne
826 1258 877 1296 ad
909 1258 1080 1296 eundern
1111 1258 1185 1297 Cn.
1220 1257 1456 1307 Pompeium

130 1324 302 1374 legatum
331 1335 453 1373 usque
480 1322 520 1361 in
551 1322 790 1373 Hispaniam
816 1321 944 1360 misit?
973 1335 1074 1368 eum,
1097 1334 1216 1371 quem
1244 1321 1458 1371 Pompeius

133 1388 304 1438 legatum
350 1401 505 1438 semper
552 1387 750 1434 iudicavit,
791 1387 827 1436 ii,
868 1386 1009 1437 quibus
1047 1395 1128 1426 erat
1163 1388 1372 1426 molestum
1407 1389 1458 1426 ad

81 1475 112 1492 ιο
130 1466 220 1493 eum
267 1453 516 1504 potissimum
564 1467 650 1493 esse
697 1453 873 1500 missum,
916 1453 1205 1503 speculatorem
1243 1466 1361 1503 quam
1409 1455 1460 1492 le-

131 1526 264 1570 gatum
293 1519 453 1559 iudicari
483 1519 714 1558 maluerunt.
766 1518 934 1558 Potestis
961 1518 1075 1569 igitur
1103 1518 1180 1556 iam
1207 1519 1456 1565 constituere,

134 1584 318 1634 QuiriteS‚
357 1585 458 1623 hanc
504 1585 776 1624 auctoritatem
814 1584 947 1622 multis
995 1592 1132 1635 postea
1176 1586 1292 1623 rebus
1339 1583 1458 1634 gestis

132 1649 363 1700 magnisque
406 1649 542 1688 vestris
586 1649 741 1688 iudiciis
788 1649 1068 1700 amplificatam
1111 1656 1305 1699 quantum
1350 1649 1457 1699 apud

133 1714 220 1753 illos
250 1727 371 1764 reges,
403 1722 595 1764 quantum
623 1714 728 1765 apud
754 1721 905 1753 exteras
935 1714 1115 1753 nationes
1139 1714 1344 1752 valituram
1374 1727 1460 1753 esse

80 1799 112 1825 25
130 1779 369 1818 existimetis.

216 1843 431 1892 Reliquum
462 1852 533 1891 est,
565 1852 607 1883 ut
641 1845 692 1883 de
723 1843 920 1892 felicitate,
954 1857 1071 1894 quam
1106 1851 1303 1895 praestare
1337 1845 1388 1883 de
1418 1857 1460 1883 se
1481 1848 1530 1886 4¹7

134 1907 220 1958 ipso
254 1920 373 1946 nemo
404 1915 546 1957 potest,
578 1908 803 1947 meminisse
831 1916 870 1947 et
901 1922 1212 1947 commemorare
1249 1910 1300 1947 de
1337 1910 1461 1949 altero

134 1985 355 2022 possumus,
377 1971 475 2011 sicut
494 1985 664 2022 aequum
691 1983 750 2012 est
776 1974 957 2013 homines
985 1975 1036 2013 de
1062 1982 1257 2024 potestate
1283 1976 1458 2023 deorum,

135 2037 272 2076 timide
291 2032 476 2088 et‘pauca
496 2037 683 2077 dicamus.
744 2041 830 2089 Ego
850 2039 957 2078 enim
978 2039 1034 2077 sic
1053 2038 1245 2087 existimo,
1270 2040 1460 2089 Maximo,

81 2123 114 2148 30
134 2103 334 2149 Marcello,
364 2101 551 2152 Scipioni,
581 2103 710 2142 Mario
739 2111 778 2142 et
806 2104 945 2143 c'eteris
977 2104 1128 2155 magnis
1159 2105 1461 2155 imperatoribus

135 2178 215 2205 non
245 2167 370 2205 solum
400 2174 560 2217 propter
589 2166 783 2215 virtutem,
816 2169 886 2207 sed
919 2168 1036 2207 etiam
1072 2177 1233 2219 propter
1262 2170 1460 2208 fortunam

134 2232 290 2282 saepius
317 2231 482 2282 imperia
511 2233 700 2271 mandata
727 2240 846 2283 atque
873 2234 1064 2274 exercitus
1093 2249 1179 2274 esse
1212 2235 1458 2276 commissos.

135 2296 226 2335 Fuit
256 2292 362 2336 enim
396 2298 575 2347 profecto
605 2297 845 2347 quibusdam
874 2298 1037 2338 summis
1063 2299 1154 2339 viris
1183 2301 1380 2351 quaedam
1411 2301 1462 2339 ad

188 2382 238 2444 f«.
1329 2389 1351 2415 2
