<?xml version="1.0" encoding="UTF-8"?>
<!DOCTYPE html PUBLIC "-//W3C//DTD XHTML 1.0 Transitional//EN"
    "http://www.w3.org/TR/xhtml1/DTD/xhtml1-transitional.dtd">
<html xmlns="http://www.w3.org/1999/xhtml" xml:lang="en" lang="en">
 <head>
  <title>
</title>
<meta http-equiv="Content-Type" content="text/html;charset=utf-8" />
  <meta name='ocr-system' content='tesseract 3.04.00' />
  <meta name='ocr-capabilities' content='ocr_page ocr_carea ocr_par ocr_line ocrx_word'/>
</head>
<body>
  <div class='ocr_page' id='page_1' title='image "./oratiodeimperioc00ciceuoft/oratiodeimperioc00ciceuoft_0047.png"; bbox 0 0 1534 2444; ppageno 0'>
   <div class='ocr_carea' id='block_1_1' title="bbox 1450 0 1510 101">
    <p class='ocr_par' dir='ltr' id='par_1_1' title="bbox 1450 0 1510 101">
     <span class='ocr_line' id='line_1_1' title="bbox 1450 0 1510 101; baseline 0.167 -10"><span class='ocrx_word' id='word_1_1' title='bbox 1450 0 1510 101; x_wconf 49' lang='grc' dir='ltr'>Χ,</span> 
     </span>
    </p>
   </div>
   <div class='ocr_carea' id='block_1_2' title="bbox 126 77 1441 138">
    <p class='ocr_par' dir='ltr' id='par_1_2' title="bbox 126 77 1441 138">
     <span class='ocr_line' id='line_1_2' title="bbox 126 77 1441 138; baseline -0.01 -12"><span class='ocrx_word' id='word_1_2' title='bbox 126 87 227 126; x_wconf 88' lang='lat' dir='ltr'>XIV</span> <span class='ocrx_word' id='word_1_3' title='bbox 246 82 315 138; x_wconf 87' lang='lat'>42]</span> <span class='ocrx_word' id='word_1_4' title='bbox 375 84 464 123; x_wconf 88' lang='lat' dir='ltr'>DE</span> <span class='ocrx_word' id='word_1_5' title='bbox 500 83 767 122; x_wconf 85' lang='lat' dir='ltr'><em>IMPERIO</em></span> <span class='ocrx_word' id='word_1_6' title='bbox 811 81 897 121; x_wconf 88' lang='lat' dir='ltr'>CN.</span> <span class='ocrx_word' id='word_1_7' title='bbox 937 77 1184 119; x_wconf 81' lang='lat' dir='ltr'><em>POMPEI.</em></span> <span class='ocrx_word' id='word_1_8' title='bbox 1398 85 1441 123; x_wconf 88' lang='lat'>15</span> 
     </span>
    </p>
   </div>
   <div class='ocr_carea' id='block_1_3' title="bbox 74 187 1523 2313">
    <p class='ocr_par' dir='ltr' id='par_1_3' title="bbox 74 187 1523 2313">
     <span class='ocr_line' id='line_1_3' title="bbox 119 187 1444 240; baseline -0.008 -8"><span class='ocrx_word' id='word_1_9' title='bbox 119 205 320 233; x_wconf 85' lang='lat' dir='ltr'>sermones</span> <span class='ocrx_word' id='word_1_10' title='bbox 349 205 396 230; x_wconf 93' lang='lat' dir='ltr'>ac</span> <span class='ocrx_word' id='word_1_11' title='bbox 424 190 575 230; x_wconf 84' lang='lat' dir='ltr'><strong>litterae</strong></span> <span class='ocrx_word' id='word_1_12' title='bbox 603 190 872 240; x_wconf 76' lang='lat' dir='ltr'>perferuntur5</span> <span class='ocrx_word' id='word_1_13' title='bbox 907 200 988 226; x_wconf 90' lang='lat' dir='ltr'>non</span> <span class='ocrx_word' id='word_1_14' title='bbox 1018 187 1140 225; x_wconf 91' lang='lat' dir='ltr'>modo</span> <span class='ocrx_word' id='word_1_15' title='bbox 1170 192 1212 224; x_wconf 94' lang='lat' dir='ltr'>ut</span> <span class='ocrx_word' id='word_1_16' title='bbox 1241 191 1444 235; x_wconf 87' lang='lat' dir='ltr'>sumptum</span> 
     </span>
     <span class='ocr_line' id='line_1_4' title="bbox 117 250 1445 302; baseline -0.005 -6"><span class='ocrx_word' id='word_1_17' title='bbox 117 258 235 297; x_wconf 86' lang='lat' dir='ltr'>saciat</span> <span class='ocrx_word' id='word_1_18' title='bbox 254 256 295 296; x_wconf 88' lang='lat' dir='ltr'>in</span> <span class='ocrx_word' id='word_1_19' title='bbox 310 256 472 295; x_wconf 88' lang='lat' dir='ltr'>militem</span> <span class='ocrx_word' id='word_1_20' title='bbox 489 253 639 294; x_wconf 90' lang='lat' dir='ltr'>nemini</span> <span class='ocrx_word' id='word_1_21' title='bbox 655 254 711 293; x_wconf 91' lang='lat' dir='ltr'>vis</span> <span class='ocrx_word' id='word_1_22' title='bbox 730 255 912 302; x_wconf 86' lang='lat' dir='ltr'>adfertur,</span> <span class='ocrx_word' id='word_1_23' title='bbox 931 254 1001 293; x_wconf 90' lang='lat' dir='ltr'>sed</span> <span class='ocrx_word' id='word_1_24' title='bbox 1020 266 1071 292; x_wconf 92' lang='lat' dir='ltr'>ne</span> <span class='ocrx_word' id='word_1_25' title='bbox 1090 250 1263 302; x_wconf 87' lang='lat' dir='ltr'>cupienti</span> <span class='ocrx_word' id='word_1_26' title='bbox 1283 251 1445 301; x_wconf 87' lang='lat' dir='ltr'>quidem</span> 
     </span>
     <span class='ocr_line' id='line_1_5' title="bbox 119 315 1445 374; baseline -0.006 -12"><span class='ocrx_word' id='word_1_27' title='bbox 119 323 303 374; x_wconf 84' lang='lat' dir='ltr'><strong>cuiquam</strong></span> <span class='ocrx_word' id='word_1_28' title='bbox 324 322 571 373; x_wconf 89' lang='lat' dir='ltr'>permittitur.</span> <span class='ocrx_word' id='word_1_29' title='bbox 623 319 780 359; x_wconf 88' lang='lat' dir='ltr'>Hiemis</span> <span class='ocrx_word' id='word_1_30' title='bbox 796 319 913 366; x_wconf 88' lang='lat' dir='ltr'>enim,</span> <span class='ocrx_word' id='word_1_31' title='bbox 933 332 1014 357; x_wconf 93' lang='lat' dir='ltr'>non</span> <span class='ocrx_word' id='word_1_32' title='bbox 1029 317 1211 357; x_wconf 90' lang='lat' dir='ltr'>avaritiae</span> <span class='ocrx_word' id='word_1_33' title='bbox 1226 315 1445 367; x_wconf 86' lang='lat' dir='ltr'>perfugium</span> 
     </span>
     <span class='ocr_line' id='line_1_6' title="bbox 120 381 1446 435; baseline -0.006 -8"><span class='ocrx_word' id='word_1_34' title='bbox 120 389 286 428; x_wconf 86' lang='lat' dir='ltr'>maiores</span> <span class='ocrx_word' id='word_1_35' title='bbox 323 385 444 426; x_wconf 88' lang='lat' dir='ltr'>nostri</span> <span class='ocrx_word' id='word_1_36' title='bbox 482 386 521 424; x_wconf 92' lang='lat' dir='ltr'>in</span> <span class='ocrx_word' id='word_1_37' title='bbox 560 385 757 435; x_wconf 86' lang='lat' dir='ltr'>sociorum</span> <span class='ocrx_word' id='word_1_38' title='bbox 796 391 915 434; x_wconf 88' lang='lat' dir='ltr'>atque</span> <span class='ocrx_word' id='word_1_39' title='bbox 953 382 1170 422; x_wconf 87' lang='lat' dir='ltr'>amicorum</span> <span class='ocrx_word' id='word_1_40' title='bbox 1209 381 1321 421; x_wconf 90' lang='lat' dir='ltr'>tectis</span> <span class='ocrx_word' id='word_1_41' title='bbox 1360 394 1446 420; x_wconf 88' lang='lat' dir='ltr'>esse</span> 
     </span>
     <span class='ocr_line' id='line_1_7' title="bbox 86 446 1515 501; baseline -0.003 -9"><span class='ocrx_word' id='word_1_42' title='bbox 86 474 101 500; x_wconf 77' lang='lat'><strong>5</strong></span> <span class='ocrx_word' id='word_1_43' title='bbox 119 455 336 493; x_wconf 87' lang='lat' dir='ltr'>voluerunt.</span> <span class='ocrx_word' id='word_1_44' title='bbox 413 453 524 490; x_wconf 90' lang='lat' dir='ltr'>XIV.</span> <span class='ocrx_word' id='word_1_45' title='bbox 566 453 650 501; x_wconf 89' lang='lat' dir='ltr'>Age</span> <span class='ocrx_word' id='word_1_46' title='bbox 681 463 783 496; x_wconf 89' lang='lat' dir='ltr'>vero,</span> <span class='ocrx_word' id='word_1_47' title='bbox 812 449 952 489; x_wconf 82' lang='lat' dir='ltr'>ceteris</span> <span class='ocrx_word' id='word_1_48' title='bbox 981 449 1021 487; x_wconf 93' lang='lat' dir='ltr'>in</span> <span class='ocrx_word' id='word_1_49' title='bbox 1050 450 1168 488; x_wconf 90' lang='lat' dir='ltr'>rebus</span> <span class='ocrx_word' id='word_1_50' title='bbox 1197 461 1276 498; x_wconf 89' lang='lat' dir='ltr'>qua</span> <span class='ocrx_word' id='word_1_51' title='bbox 1303 447 1369 487; x_wconf 85' lang='lat' dir='ltr'>ille</span> <span class='ocrx_word' id='word_1_52' title='bbox 1397 446 1445 486; x_wconf 92' lang='lat' dir='ltr'>sit</span> <span class='ocrx_word' id='word_1_53' title='bbox 1466 449 1515 488; x_wconf 87' lang='lat'>40</span> 
     </span>
     <span class='ocr_line' id='line_1_8' title="bbox 121 506 1445 569; baseline -0.005 -11"><span class='ocrx_word' id='word_1_54' title='bbox 121 517 391 569; x_wconf 82' lang='lat' dir='ltr'>temperantia,</span> <span class='ocrx_word' id='word_1_55' title='bbox 418 506 678 556; x_wconf 46' lang='lat' dir='ltr'>cssnsiderate.</span> <span class='ocrx_word' id='word_1_56' title='bbox 738 516 860 555; x_wconf 90' lang='lat' dir='ltr'>Unde</span> <span class='ocrx_word' id='word_1_57' title='bbox 888 515 996 553; x_wconf 88' lang='lat' dir='ltr'>illam</span> <span class='ocrx_word' id='word_1_58' title='bbox 1026 522 1175 553; x_wconf 81' lang='lat' dir='ltr'>tantam</span> <span class='ocrx_word' id='word_1_59' title='bbox 1205 513 1445 552; x_wconf 87' lang='lat' dir='ltr'>celeritatem</span> 
     </span>
     <span class='ocr_line' id='line_1_9' title="bbox 122 578 1446 629; baseline -0.005 -7"><span class='ocrx_word' id='word_1_60' title='bbox 122 591 160 623; x_wconf 91' lang='lat' dir='ltr'>et</span> <span class='ocrx_word' id='word_1_61' title='bbox 179 591 258 622; x_wconf 90' lang='lat' dir='ltr'>tam</span> <span class='ocrx_word' id='word_1_62' title='bbox 279 581 551 621; x_wconf 87' lang='lat' dir='ltr'>incredibilem</span> <span class='ocrx_word' id='word_1_63' title='bbox 578 593 735 619; x_wconf 89' lang='lat' dir='ltr'>cursum</span> <span class='ocrx_word' id='word_1_64' title='bbox 762 580 965 619; x_wconf 88' lang='lat' dir='ltr'>inventum</span> <span class='ocrx_word' id='word_1_65' title='bbox 994 578 1169 629; x_wconf 83' lang='lat' dir='ltr'>putatis?</span> <span class='ocrx_word' id='word_1_66' title='bbox 1226 580 1320 617; x_wconf 91' lang='lat' dir='ltr'>Non</span> <span class='ocrx_word' id='word_1_67' title='bbox 1341 578 1446 617; x_wconf 85' lang='lat' dir='ltr'>enim</span> 
     </span>
     <span class='ocr_line' id='line_1_10' title="bbox 123 643 1447 696; baseline -0.005 -10"><span class='ocrx_word' id='word_1_68' title='bbox 123 648 231 686; x_wconf 90' lang='lat' dir='ltr'>illum</span> <span class='ocrx_word' id='word_1_69' title='bbox 253 646 394 686; x_wconf 86' lang='lat' dir='ltr'>eximia</span> <span class='ocrx_word' id='word_1_70' title='bbox 419 646 477 685; x_wconf 87' lang='lat' dir='ltr'>vis</span> <span class='ocrx_word' id='word_1_71' title='bbox 503 645 695 696; x_wconf 87' lang='lat' dir='ltr'>remigum</span> <span class='ocrx_word' id='word_1_72' title='bbox 722 651 788 683; x_wconf 91' lang='lat' dir='ltr'>aut</span> <span class='ocrx_word' id='word_1_73' title='bbox 814 657 875 683; x_wconf 91' lang='lat' dir='ltr'>ars</span> <span class='ocrx_word' id='word_1_74' title='bbox 895 644 1072 682; x_wconf 86' lang='lat' dir='ltr'>inaudita</span> <span class='ocrx_word' id='word_1_75' title='bbox 1091 643 1287 694; x_wconf 81' lang='lat' dir='ltr'>quaedam</span> <span class='ocrx_word' id='word_1_76' title='bbox 1308 645 1447 693; x_wconf 70' lang='lat' dir='ltr'>guber-</span> 
     </span>
     <span class='ocr_line' id='line_1_11' title="bbox 123 707 1448 759; baseline -0.004 -8"><span class='ocrx_word' id='word_1_77' title='bbox 123 713 243 751; x_wconf 87' lang='lat' dir='ltr'>nandi</span> <span class='ocrx_word' id='word_1_78' title='bbox 268 720 334 750; x_wconf 89' lang='lat' dir='ltr'>aut</span> <span class='ocrx_word' id='word_1_79' title='bbox 360 711 464 750; x_wconf 89' lang='lat' dir='ltr'>venti</span> <span class='ocrx_word' id='word_1_80' title='bbox 492 710 613 759; x_wconf 85' lang='lat' dir='ltr'>aliqui</span> <span class='ocrx_word' id='word_1_81' title='bbox 639 710 731 749; x_wconf 93' lang='lat' dir='ltr'>novi</span> <span class='ocrx_word' id='word_1_82' title='bbox 760 717 841 748; x_wconf 88' lang='lat' dir='ltr'>tam</span> <span class='ocrx_word' id='word_1_83' title='bbox 867 709 1046 749; x_wconf 89' lang='lat' dir='ltr'>celeriter</span> <span class='ocrx_word' id='word_1_84' title='bbox 1073 708 1114 747; x_wconf 93' lang='lat' dir='ltr'>in</span> <span class='ocrx_word' id='word_1_85' title='bbox 1142 708 1300 747; x_wconf 88' lang='lat' dir='ltr'>ultimas</span> <span class='ocrx_word' id='word_1_86' title='bbox 1328 707 1448 746; x_wconf 73' lang='lat' dir='ltr'>terras</span> 
     </span>
     <span class='ocr_line' id='line_1_12' title="bbox 74 773 1447 828; baseline -0.004 -11"><span class='ocrx_word' id='word_1_87' title='bbox 74 800 103 817; x_wconf 80' lang='grc' dir='ltr'>ιο</span> <span class='ocrx_word' id='word_1_88' title='bbox 122 778 374 828; x_wconf 88' lang='lat' dir='ltr'>pertulerunt,</span> <span class='ocrx_word' id='word_1_89' title='bbox 396 777 466 814; x_wconf 91' lang='lat' dir='ltr'>sed</span> <span class='ocrx_word' id='word_1_90' title='bbox 493 788 562 814; x_wconf 89' lang='lat' dir='ltr'>eae</span> <span class='ocrx_word' id='word_1_91' title='bbox 589 788 660 824; x_wconf 89' lang='lat' dir='ltr'>res,</span> <span class='ocrx_word' id='word_1_92' title='bbox 685 788 786 825; x_wconf 89' lang='lat' dir='ltr'>quae</span> <span class='ocrx_word' id='word_1_93' title='bbox 813 782 964 814; x_wconf 88' lang='lat' dir='ltr'>ceteros</span> <span class='ocrx_word' id='word_1_94' title='bbox 991 773 1175 813; x_wconf 90' lang='lat' dir='ltr'>remorari</span> <span class='ocrx_word' id='word_1_95' title='bbox 1201 775 1340 820; x_wconf 89' lang='lat' dir='ltr'>solent,</span> <span class='ocrx_word' id='word_1_96' title='bbox 1366 786 1447 811; x_wconf 93' lang='lat' dir='ltr'>non</span> 
     </span>
     <span class='ocr_line' id='line_1_13' title="bbox 123 840 1447 890; baseline -0.002 -9"><span class='ocrx_word' id='word_1_97' title='bbox 123 842 391 889; x_wconf 81' lang='lat' dir='ltr'>retardarunt3</span> <span class='ocrx_word' id='word_1_98' title='bbox 426 853 507 879; x_wconf 91' lang='lat' dir='ltr'>non</span> <span class='ocrx_word' id='word_1_99' title='bbox 541 840 702 879; x_wconf 88' lang='lat' dir='ltr'>avaritia</span> <span class='ocrx_word' id='word_1_100' title='bbox 734 841 784 879; x_wconf 87' lang='lat' dir='ltr'>ab</span> <span class='ocrx_word' id='word_1_101' title='bbox 821 840 1000 879; x_wconf 87' lang='lat' dir='ltr'>instituto</span> <span class='ocrx_word' id='word_1_102' title='bbox 1034 853 1149 878; x_wconf 86' lang='lat' dir='ltr'>cursu</span> <span class='ocrx_word' id='word_1_103' title='bbox 1179 840 1230 878; x_wconf 90' lang='lat' dir='ltr'>ad</span> <span class='ocrx_word' id='word_1_104' title='bbox 1259 840 1447 890; x_wconf 88' lang='lat' dir='ltr'>praedam</span> 
     </span>
     <span class='ocr_line' id='line_1_14' title="bbox 123 904 1448 956; baseline -0.002 -10"><span class='ocrx_word' id='word_1_105' title='bbox 123 908 294 956; x_wconf 83' lang='lat' dir='ltr'>aliquam</span> <span class='ocrx_word' id='word_1_106' title='bbox 315 905 532 952; x_wconf 88' lang='lat' dir='ltr'>devocavit,</span> <span class='ocrx_word' id='word_1_107' title='bbox 551 918 631 944; x_wconf 92' lang='lat' dir='ltr'>non</span> <span class='ocrx_word' id='word_1_108' title='bbox 647 904 769 944; x_wconf 91' lang='lat' dir='ltr'>libido</span> <span class='ocrx_word' id='word_1_109' title='bbox 785 906 836 944; x_wconf 87' lang='lat' dir='ltr'>ad</span> <span class='ocrx_word' id='word_1_110' title='bbox 850 907 1107 956; x_wconf 87' lang='lat' dir='ltr'>voluptatem,</span> <span class='ocrx_word' id='word_1_111' title='bbox 1125 918 1205 943; x_wconf 91' lang='lat' dir='ltr'>non</span> <span class='ocrx_word' id='word_1_112' title='bbox 1228 905 1448 944; x_wconf 89' lang='lat' dir='ltr'>amoenitas</span> 
     </span>
     <span class='ocr_line' id='line_1_15' title="bbox 125 969 1447 1020; baseline -0.002 -9"><span class='ocrx_word' id='word_1_113' title='bbox 125 973 175 1011; x_wconf 88' lang='lat' dir='ltr'>ad</span> <span class='ocrx_word' id='word_1_114' title='bbox 195 971 509 1018; x_wconf 88' lang='lat' dir='ltr'>delectationem,</span> <span class='ocrx_word' id='word_1_115' title='bbox 532 983 614 1009; x_wconf 91' lang='lat' dir='ltr'>non</span> <span class='ocrx_word' id='word_1_116' title='bbox 641 970 824 1009; x_wconf 82' lang='lat' dir='ltr'>nobilitas</span> <span class='ocrx_word' id='word_1_117' title='bbox 852 970 958 1009; x_wconf 91' lang='lat' dir='ltr'>urbis</span> <span class='ocrx_word' id='word_1_118' title='bbox 988 972 1039 1010; x_wconf 90' lang='lat' dir='ltr'>ad</span> <span class='ocrx_word' id='word_1_119' title='bbox 1066 969 1347 1020; x_wconf 85' lang='lat' dir='ltr'>cognitionem,</span> <span class='ocrx_word' id='word_1_120' title='bbox 1368 983 1447 1009; x_wconf 93' lang='lat' dir='ltr'>non</span> 
     </span>
     <span class='ocr_line' id='line_1_16' title="bbox 125 1034 1449 1086; baseline -0.002 -11"><span class='ocrx_word' id='word_1_121' title='bbox 125 1036 296 1086; x_wconf 90' lang='lat' dir='ltr'>denique</span> <span class='ocrx_word' id='word_1_122' title='bbox 322 1037 433 1074; x_wconf 92' lang='lat' dir='ltr'>labor</span> <span class='ocrx_word' id='word_1_123' title='bbox 458 1035 542 1085; x_wconf 89' lang='lat' dir='ltr'>ipse</span> <span class='ocrx_word' id='word_1_124' title='bbox 568 1035 620 1074; x_wconf 90' lang='lat' dir='ltr'>ad</span> <span class='ocrx_word' id='word_1_125' title='bbox 646 1034 819 1084; x_wconf 87' lang='lat' dir='ltr'>quietem</span> <span class='ocrx_word' id='word_1_126' title='bbox 834 1050 844 1084; x_wconf 81' lang='lat'>3</span> <span class='ocrx_word' id='word_1_127' title='bbox 871 1043 1073 1085; x_wconf 90' lang='lat' dir='ltr'>postremo</span> <span class='ocrx_word' id='word_1_128' title='bbox 1101 1035 1212 1085; x_wconf 86' lang='lat' dir='ltr'>signa</span> <span class='ocrx_word' id='word_1_129' title='bbox 1239 1040 1277 1074; x_wconf 92' lang='lat' dir='ltr'>et</span> <span class='ocrx_word' id='word_1_130' title='bbox 1298 1036 1449 1073; x_wconf 90' lang='lat' dir='ltr'>tabulas</span> 
     </span>
     <span class='ocr_line' id='line_1_17' title="bbox 75 1099 1451 1150; baseline -0.001 -10"><span class='ocrx_word' id='word_1_131' title='bbox 75 1122 103 1146; x_wconf 85' lang='lat'>15</span> <span class='ocrx_word' id='word_1_132' title='bbox 122 1108 330 1150; x_wconf 87' lang='lat' dir='ltr'>ceteraque</span> <span class='ocrx_word' id='word_1_133' title='bbox 363 1107 595 1139; x_wconf 89' lang='lat' dir='ltr'>ornamenta</span> <span class='ocrx_word' id='word_1_134' title='bbox 629 1101 870 1139; x_wconf 90' lang='lat' dir='ltr'>Graecorum</span> <span class='ocrx_word' id='word_1_135' title='bbox 905 1099 1158 1150; x_wconf 90' lang='lat' dir='ltr'>oppidorum,</span> <span class='ocrx_word' id='word_1_136' title='bbox 1192 1113 1294 1150; x_wconf 91' lang='lat' dir='ltr'>quae</span> <span class='ocrx_word' id='word_1_137' title='bbox 1332 1100 1451 1140; x_wconf 88' lang='lat' dir='ltr'>ceteri</span> 
     </span>
     <span class='ocr_line' id='line_1_18' title="bbox 125 1164 1450 1215; baseline -0.001 -11"><span class='ocrx_word' id='word_1_138' title='bbox 125 1165 300 1204; x_wconf 88' lang='lat' dir='ltr'>tollenda</span> <span class='ocrx_word' id='word_1_139' title='bbox 332 1177 418 1203; x_wconf 91' lang='lat' dir='ltr'>esse</span> <span class='ocrx_word' id='word_1_140' title='bbox 452 1164 699 1212; x_wconf 88' lang='lat' dir='ltr'>arbitrantur,</span> <span class='ocrx_word' id='word_1_141' title='bbox 730 1177 777 1203; x_wconf 86' lang='lat' dir='ltr'>ea</span> <span class='ocrx_word' id='word_1_142' title='bbox 811 1164 885 1203; x_wconf 87' lang='lat' dir='ltr'>sibi</span> <span class='ocrx_word' id='word_1_143' title='bbox 917 1164 982 1204; x_wconf 87' lang='lat' dir='ltr'>ille</span> <span class='ocrx_word' id='word_1_144' title='bbox 1016 1178 1065 1203; x_wconf 90' lang='lat' dir='ltr'>ne</span> <span class='ocrx_word' id='word_1_145' title='bbox 1093 1165 1257 1204; x_wconf 89' lang='lat' dir='ltr'>visenda</span> <span class='ocrx_word' id='word_1_146' title='bbox 1288 1164 1450 1215; x_wconf 89' lang='lat' dir='ltr'>quidem</span> 
     </span>
     <span class='ocr_line' id='line_1_19' title="bbox 126 1227 1517 1279; baseline -0.001 -11"><span class='ocrx_word' id='word_1_147' title='bbox 126 1227 367 1268; x_wconf 86' lang='lat' dir='ltr'>existimavit.</span> <span class='ocrx_word' id='word_1_148' title='bbox 428 1229 569 1277; x_wconf 89' lang='lat' dir='ltr'>Itaque</span> <span class='ocrx_word' id='word_1_149' title='bbox 590 1241 728 1267; x_wconf 91' lang='lat' dir='ltr'>omnes</span> <span class='ocrx_word' id='word_1_150' title='bbox 749 1241 856 1267; x_wconf 90' lang='lat' dir='ltr'>nunc</span> <span class='ocrx_word' id='word_1_151' title='bbox 876 1228 916 1266; x_wconf 90' lang='lat' dir='ltr'>in</span> <span class='ocrx_word' id='word_1_152' title='bbox 936 1228 983 1267; x_wconf 92' lang='lat' dir='ltr'>iis</span> <span class='ocrx_word' id='word_1_153' title='bbox 1003 1228 1099 1268; x_wconf 90' lang='lat' dir='ltr'>locis</span> <span class='ocrx_word' id='word_1_154' title='bbox 1121 1231 1193 1269; x_wconf 91' lang='lat' dir='ltr'>Cn.</span> <span class='ocrx_word' id='word_1_155' title='bbox 1216 1229 1451 1279; x_wconf 90' lang='lat' dir='ltr'>Pompeium</span> <span class='ocrx_word' id='word_1_156' title='bbox 1468 1229 1517 1267; x_wconf 86' lang='lat'>41</span> 
     </span>
     <span class='ocr_line' id='line_1_20' title="bbox 125 1291 1451 1346; baseline 0.003 -16"><span class='ocrx_word' id='word_1_157' title='bbox 125 1291 437 1346; x_wconf 56' lang='lat' dir='ltr'>sicut..3aliquem</span> <span class='ocrx_word' id='word_1_158' title='bbox 477 1306 558 1331; x_wconf 91' lang='lat' dir='ltr'>non</span> <span class='ocrx_word' id='word_1_159' title='bbox 599 1306 645 1332; x_wconf 91' lang='lat' dir='ltr'>ex</span> <span class='ocrx_word' id='word_1_160' title='bbox 686 1294 761 1332; x_wconf 89' lang='lat' dir='ltr'>hac</span> <span class='ocrx_word' id='word_1_161' title='bbox 798 1295 893 1333; x_wconf 90' lang='lat' dir='ltr'>urbe</span> <span class='ocrx_word' id='word_1_162' title='bbox 933 1293 1108 1342; x_wconf 90' lang='lat' dir='ltr'>missum,</span> <span class='ocrx_word' id='word_1_163' title='bbox 1144 1295 1213 1333; x_wconf 90' lang='lat' dir='ltr'>sed</span> <span class='ocrx_word' id='word_1_164' title='bbox 1248 1295 1298 1333; x_wconf 90' lang='lat' dir='ltr'>de</span> <span class='ocrx_word' id='word_1_165' title='bbox 1340 1296 1451 1335; x_wconf 86' lang='lat' dir='ltr'>caelo</span> 
     </span>
     <span class='ocr_line' id='line_1_21' title="bbox 125 1357 1451 1409; baseline 0.002 -12"><span class='ocrx_word' id='word_1_166' title='bbox 125 1359 332 1408; x_wconf 90' lang='lat' dir='ltr'>delapsum</span> <span class='ocrx_word' id='word_1_167' title='bbox 351 1357 580 1407; x_wconf 88' lang='lat' dir='ltr'>intuentur;</span> <span class='ocrx_word' id='word_1_168' title='bbox 608 1372 715 1397; x_wconf 90' lang='lat' dir='ltr'>nunc</span> <span class='ocrx_word' id='word_1_169' title='bbox 740 1358 913 1408; x_wconf 90' lang='lat' dir='ltr'>denique</span> <span class='ocrx_word' id='word_1_170' title='bbox 939 1358 1134 1409; x_wconf 89' lang='lat' dir='ltr'>incipiunt</span> <span class='ocrx_word' id='word_1_171' title='bbox 1153 1360 1313 1399; x_wconf 87' lang='lat' dir='ltr'>credere</span> <span class='ocrx_word' id='word_1_172' title='bbox 1334 1359 1451 1399; x_wconf 88' lang='lat' dir='ltr'>fuisse</span> 
     </span>
     <span class='ocr_line' id='line_1_22' title="bbox 75 1422 1450 1473; baseline 0.001 -12"><span class='ocrx_word' id='word_1_173' title='bbox 75 1422 303 1462; x_wconf 83' lang='lat' dir='ltr'>20homines</span> <span class='ocrx_word' id='word_1_174' title='bbox 342 1423 548 1461; x_wconf 88' lang='lat' dir='ltr'>Romanos</span> <span class='ocrx_word' id='word_1_175' title='bbox 585 1423 659 1461; x_wconf 89' lang='lat' dir='ltr'>hac</span> <span class='ocrx_word' id='word_1_176' title='bbox 696 1423 900 1472; x_wconf 87' lang='lat' dir='ltr'>quondam</span> <span class='ocrx_word' id='word_1_177' title='bbox 940 1422 1196 1472; x_wconf 87' lang='lat' dir='ltr'>continentia,</span> <span class='ocrx_word' id='word_1_178' title='bbox 1232 1425 1340 1473; x_wconf 88' lang='lat' dir='ltr'>quod</span> <span class='ocrx_word' id='word_1_179' title='bbox 1373 1424 1450 1462; x_wconf 88' lang='lat' dir='ltr'>iam</span> 
     </span>
     <span class='ocr_line' id='line_1_23' title="bbox 127 1486 1450 1540; baseline 0.002 -14"><span class='ocrx_word' id='word_1_180' title='bbox 127 1486 351 1526; x_wconf 89' lang='lat' dir='ltr'>nationibus</span> <span class='ocrx_word' id='word_1_181' title='bbox 380 1487 518 1526; x_wconf 88' lang='lat' dir='ltr'>exteris</span> <span class='ocrx_word' id='word_1_182' title='bbox 549 1487 778 1527; x_wconf 90' lang='lat' dir='ltr'>incredibile</span> <span class='ocrx_word' id='word_1_183' title='bbox 806 1501 853 1526; x_wconf 90' lang='lat' dir='ltr'>ac</span> <span class='ocrx_word' id='word_1_184' title='bbox 881 1489 980 1527; x_wconf 90' lang='lat' dir='ltr'>falso</span> <span class='ocrx_word' id='word_1_185' title='bbox 1009 1489 1222 1529; x_wconf 89' lang='lat' dir='ltr'>memoriae</span> <span class='ocrx_word' id='word_1_186' title='bbox 1251 1491 1450 1540; x_wconf 88' lang='lat' dir='ltr'>proditum</span> 
     </span>
     <span class='ocr_line' id='line_1_24' title="bbox 126 1552 1452 1605; baseline 0.002 -13"><span class='ocrx_word' id='word_1_187' title='bbox 126 1553 355 1605; x_wconf 63' lang='lat' dir='ltr'>videbatur3</span> <span class='ocrx_word' id='word_1_188' title='bbox 381 1566 487 1592; x_wconf 90' lang='lat' dir='ltr'>nunc</span> <span class='ocrx_word' id='word_1_189' title='bbox 505 1552 659 1603; x_wconf 87' lang='lat' dir='ltr'>imperii</span> <span class='ocrx_word' id='word_1_190' title='bbox 679 1553 798 1593; x_wconf 90' lang='lat' dir='ltr'>vestri</span> <span class='ocrx_word' id='word_1_191' title='bbox 818 1554 1007 1604; x_wconf 90' lang='lat' dir='ltr'>splendor</span> <span class='ocrx_word' id='word_1_192' title='bbox 1026 1554 1101 1593; x_wconf 90' lang='lat' dir='ltr'>illis</span> <span class='ocrx_word' id='word_1_193' title='bbox 1121 1555 1303 1605; x_wconf 88' lang='lat' dir='ltr'>gentibus</span> <span class='ocrx_word' id='word_1_194' title='bbox 1323 1557 1452 1595; x_wconf 90' lang='lat' dir='ltr'>lucem</span> 
     </span>
     <span class='ocr_line' id='line_1_25' title="bbox 127 1606 1452 1668; baseline 0.002 -12"><span class='ocrx_word' id='word_1_195' title='bbox 127 1606 275 1656; x_wconf 71' lang='lat' dir='ltr'>adfe’rre</span> <span class='ocrx_word' id='word_1_196' title='bbox 307 1616 461 1666; x_wconf 87' lang='lat' dir='ltr'>coepit:</span> <span class='ocrx_word' id='word_1_197' title='bbox 496 1630 603 1656; x_wconf 92' lang='lat' dir='ltr'>nunc</span> <span class='ocrx_word' id='word_1_198' title='bbox 637 1618 871 1668; x_wconf 87' lang='lat' dir='ltr'>intellegunt</span> <span class='ocrx_word' id='word_1_199' title='bbox 903 1630 986 1656; x_wconf 91' lang='lat' dir='ltr'>non</span> <span class='ocrx_word' id='word_1_200' title='bbox 1017 1617 1102 1656; x_wconf 90' lang='lat' dir='ltr'>sine</span> <span class='ocrx_word' id='word_1_201' title='bbox 1133 1632 1252 1658; x_wconf 87' lang='lat' dir='ltr'>causa</span> <span class='ocrx_word' id='word_1_202' title='bbox 1284 1619 1452 1658; x_wconf 90' lang='lat' dir='ltr'>maiores</span> 
     </span>
     <span class='ocr_line' id='line_1_26' title="bbox 110 1681 1451 1733; baseline 0.003 -13"><span class='ocrx_word' id='word_1_203' title='bbox 110 1693 220 1728; x_wconf 71' lang='lat' dir='ltr'>=suos</span> <span class='ocrx_word' id='word_1_204' title='bbox 256 1689 350 1730; x_wconf 88' lang='lat' dir='ltr'>tum,</span> <span class='ocrx_word' id='word_1_205' title='bbox 393 1695 484 1721; x_wconf 93' lang='lat' dir='ltr'>cum</span> <span class='ocrx_word' id='word_1_206' title='bbox 523 1695 570 1721; x_wconf 87' lang='lat' dir='ltr'>ea</span> <span class='ocrx_word' id='word_1_207' title='bbox 607 1681 869 1732; x_wconf 86' lang='lat' dir='ltr'>temperantia</span> <span class='ocrx_word' id='word_1_208' title='bbox 906 1682 1155 1732; x_wconf 88' lang='lat' dir='ltr'>magistratus</span> <span class='ocrx_word' id='word_1_209' title='bbox 1193 1684 1451 1733; x_wconf 89' lang='lat' dir='ltr'>habebamus,</span> 
     </span>
     <span class='ocr_line' id='line_1_27' title="bbox 76 1745 1452 1797; baseline 0.004 -13"><span class='ocrx_word' id='word_1_210' title='bbox 76 1767 106 1791; x_wconf 80' lang='lat'>25</span> <span class='ocrx_word' id='word_1_211' title='bbox 126 1745 267 1786; x_wconf 89' lang='lat' dir='ltr'>servire</span> <span class='ocrx_word' id='word_1_212' title='bbox 283 1747 433 1796; x_wconf 90' lang='lat' dir='ltr'>populo</span> <span class='ocrx_word' id='word_1_213' title='bbox 455 1747 642 1785; x_wconf 89' lang='lat' dir='ltr'>Romano</span> <span class='ocrx_word' id='word_1_214' title='bbox 663 1759 782 1797; x_wconf 92' lang='lat' dir='ltr'>quam</span> <span class='ocrx_word' id='word_1_215' title='bbox 802 1746 995 1796; x_wconf 89' lang='lat' dir='ltr'>imperare</span> <span class='ocrx_word' id='word_1_216' title='bbox 1015 1747 1100 1786; x_wconf 90' lang='lat' dir='ltr'>aliis</span> <span class='ocrx_word' id='word_1_217' title='bbox 1121 1748 1316 1789; x_wconf 84' lang='lat' dir='ltr'>maluisse.</span> <span class='ocrx_word' id='word_1_218' title='bbox 1367 1751 1452 1789; x_wconf 90' lang='lat' dir='ltr'>Iam</span> 
     </span>
     <span class='ocr_line' id='line_1_28' title="bbox 129 1810 1455 1865; baseline 0.003 -16"><span class='ocrx_word' id='word_1_219' title='bbox 129 1818 228 1850; x_wconf 62' lang='lat' dir='ltr'>vero*</span> <span class='ocrx_word' id='word_1_220' title='bbox 239 1811 292 1849; x_wconf 90' lang='lat' dir='ltr'>ita</span> <span class='ocrx_word' id='word_1_221' title='bbox 309 1810 442 1850; x_wconf 88' lang='lat' dir='ltr'>faciles</span> <span class='ocrx_word' id='word_1_222' title='bbox 461 1811 592 1850; x_wconf 91' lang='lat' dir='ltr'>aditus</span> <span class='ocrx_word' id='word_1_223' title='bbox 613 1812 664 1850; x_wconf 89' lang='lat' dir='ltr'>ad</span> <span class='ocrx_word' id='word_1_224' title='bbox 684 1824 774 1850; x_wconf 91' lang='lat' dir='ltr'>eum</span> <span class='ocrx_word' id='word_1_225' title='bbox 802 1811 1056 1861; x_wconf 85' lang='lat' dir='ltr'>privatorum,</span> <span class='ocrx_word' id='word_1_226' title='bbox 1079 1813 1134 1851; x_wconf 91' lang='lat' dir='ltr'>ita</span> <span class='ocrx_word' id='word_1_227' title='bbox 1159 1814 1304 1854; x_wconf 90' lang='lat' dir='ltr'>liberae</span> <span class='ocrx_word' id='word_1_228' title='bbox 1331 1816 1455 1865; x_wconf 86' lang='lat' dir='ltr'>queri-</span> 
     </span>
     <span class='ocr_line' id='line_1_29' title="bbox 129 1874 1454 1928; baseline 0.004 -15"><span class='ocrx_word' id='word_1_229' title='bbox 129 1874 286 1914; x_wconf 89' lang='lat' dir='ltr'>moniae</span> <span class='ocrx_word' id='word_1_230' title='bbox 306 1876 356 1914; x_wconf 90' lang='lat' dir='ltr'>de</span> <span class='ocrx_word' id='word_1_231' title='bbox 376 1875 543 1913; x_wconf 86' lang='lat' dir='ltr'>aliorum</span> <span class='ocrx_word' id='word_1_232' title='bbox 562 1874 712 1913; x_wconf 89' lang='lat' dir='ltr'>iniuriis</span> <span class='ocrx_word' id='word_1_233' title='bbox 731 1888 818 1914; x_wconf 87' lang='lat' dir='ltr'>esse</span> <span class='ocrx_word' id='word_1_234' title='bbox 837 1875 1034 1924; x_wconf 88' lang='lat' dir='ltr'>dicuntur,</span> <span class='ocrx_word' id='word_1_235' title='bbox 1051 1883 1094 1915; x_wconf 92' lang='lat' dir='ltr'>ut</span> <span class='ocrx_word' id='word_1_236' title='bbox 1114 1877 1158 1924; x_wconf 92' lang='lat' dir='ltr'>is,</span> <span class='ocrx_word' id='word_1_237' title='bbox 1175 1877 1242 1927; x_wconf 92' lang='lat' dir='ltr'>qui</span> <span class='ocrx_word' id='word_1_238' title='bbox 1264 1877 1454 1928; x_wconf 88' lang='lat' dir='ltr'>dignitate</span> 
     </span>
     <span class='ocr_line' id='line_1_30' title="bbox 129 1938 1523 1990; baseline 0.005 -14"><span class='ocrx_word' id='word_1_239' title='bbox 129 1938 372 1990; x_wconf 89' lang='lat' dir='ltr'>principibus</span> <span class='ocrx_word' id='word_1_240' title='bbox 390 1939 555 1987; x_wconf 88' lang='lat' dir='ltr'>excellit,</span> <span class='ocrx_word' id='word_1_241' title='bbox 576 1939 764 1978; x_wconf 88' lang='lat' dir='ltr'>facilitate</span> <span class='ocrx_word' id='word_1_242' title='bbox 783 1939 928 1979; x_wconf 86' lang='lat' dir='ltr'>infimis</span> <span class='ocrx_word' id='word_1_243' title='bbox 943 1954 1012 1990; x_wconf 87' lang='lat' dir='ltr'>par</span> <span class='ocrx_word' id='word_1_244' title='bbox 1027 1953 1114 1979; x_wconf 90' lang='lat' dir='ltr'>esse</span> <span class='ocrx_word' id='word_1_245' title='bbox 1129 1941 1317 1981; x_wconf 88' lang='lat' dir='ltr'>videatur.</span> <span class='ocrx_word' id='word_1_246' title='bbox 1367 1945 1455 1982; x_wconf 90' lang='lat' dir='ltr'>Iam</span> <span class='ocrx_word' id='word_1_247' title='bbox 1474 1947 1523 1985; x_wconf 84' lang='lat'>42</span> 
     </span>
     <span class='ocr_line' id='line_1_31' title="bbox 129 2002 1456 2059; baseline 0.005 -18"><span class='ocrx_word' id='word_1_248' title='bbox 129 2010 321 2053; x_wconf 91' lang='lat' dir='ltr'>quantum</span> <span class='ocrx_word' id='word_1_249' title='bbox 360 2002 541 2049; x_wconf 90' lang='lat' dir='ltr'>consilio,</span> <span class='ocrx_word' id='word_1_250' title='bbox 581 2011 774 2053; x_wconf 89' lang='lat' dir='ltr'>quantum</span> <span class='ocrx_word' id='word_1_251' title='bbox 823 2004 983 2044; x_wconf 91' lang='lat' dir='ltr'>dicendi</span> <span class='ocrx_word' id='word_1_252' title='bbox 1029 2006 1217 2056; x_wconf 76' lang='lat' dir='ltr'>gravitate</span> <span class='ocrx_word' id='word_1_253' title='bbox 1263 2016 1303 2047; x_wconf 90' lang='lat' dir='ltr'>et</span> <span class='ocrx_word' id='word_1_254' title='bbox 1339 2009 1456 2059; x_wconf 89' lang='lat' dir='ltr'>copia</span> 
     </span>
     <span class='ocr_line' id='line_1_32' title="bbox 77 2066 1452 2123; baseline 0.005 -17"><span class='ocrx_word' id='word_1_255' title='bbox 77 2089 108 2113; x_wconf 80' lang='lat'>30</span> <span class='ocrx_word' id='word_1_256' title='bbox 126 2069 266 2115; x_wconf 89' lang='lat' dir='ltr'>valeat,</span> <span class='ocrx_word' id='word_1_257' title='bbox 289 2067 329 2106; x_wconf 92' lang='lat' dir='ltr'>in</span> <span class='ocrx_word' id='word_1_258' title='bbox 355 2080 435 2118; x_wconf 94' lang='lat' dir='ltr'>quo</span> <span class='ocrx_word' id='word_1_259' title='bbox 455 2067 541 2118; x_wconf 88' lang='lat' dir='ltr'>ipso</span> <span class='ocrx_word' id='word_1_260' title='bbox 563 2067 663 2107; x_wconf 85' lang='lat' dir='ltr'>inest</span> <span class='ocrx_word' id='word_1_261' title='bbox 684 2066 880 2118; x_wconf 82' lang='lat' dir='ltr'>quaedam</span> <span class='ocrx_word' id='word_1_262' title='bbox 902 2070 1070 2121; x_wconf 86' lang='lat' dir='ltr'>dignitas</span> <span class='ocrx_word' id='word_1_263' title='bbox 1090 2071 1350 2122; x_wconf 89' lang='lat' dir='ltr'>imperatoria,</span> <span class='ocrx_word' id='word_1_264' title='bbox 1371 2087 1452 2123; x_wconf 80' lang='lat' dir='ltr'>VOS,</span> 
     </span>
     <span class='ocr_line' id='line_1_33' title="bbox 131 2123 1455 2184; baseline 0.005 -14"><span class='ocrx_word' id='word_1_265' title='bbox 131 2132 316 2181; x_wconf 84' lang='lat' dir='ltr'>Quirites,</span> <span class='ocrx_word' id='word_1_266' title='bbox 331 2133 408 2172; x_wconf 94' lang='lat' dir='ltr'>hoc</span> <span class='ocrx_word' id='word_1_267' title='bbox 423 2132 510 2183; x_wconf 87' lang='lat' dir='ltr'>ipso</span> <span class='ocrx_word' id='word_1_268' title='bbox 526 2146 574 2171; x_wconf 88' lang='lat' dir='ltr'>ex</span> <span class='ocrx_word' id='word_1_269' title='bbox 585 2123 675 2172; x_wconf 90' lang='lat' dir='ltr'>loco</span> <span class='ocrx_word' id='word_1_270' title='bbox 690 2146 806 2184; x_wconf 84' lang='lat' dir='ltr'>saepe</span> <span class='ocrx_word' id='word_1_271' title='bbox 820 2135 1068 2183; x_wconf 82' lang='lat' dir='ltr'>cognovistis.</span> <span class='ocrx_word' id='word_1_272' title='bbox 1110 2136 1250 2176; x_wconf 89' lang='lat' dir='ltr'>Fidem</span> <span class='ocrx_word' id='word_1_273' title='bbox 1267 2150 1358 2177; x_wconf 91' lang='lat' dir='ltr'>vero</span> <span class='ocrx_word' id='word_1_274' title='bbox 1374 2137 1455 2177; x_wconf 85' lang='lat' dir='ltr'>eius</span> 
     </span>
     <span class='ocr_line' id='line_1_34' title="bbox 130 2197 1456 2251; baseline 0.006 -15"><span class='ocrx_word' id='word_1_275' title='bbox 130 2206 317 2248; x_wconf 87' lang='lat' dir='ltr'>quantam</span> <span class='ocrx_word' id='word_1_276' title='bbox 337 2199 438 2237; x_wconf 88' lang='lat' dir='ltr'>inter</span> <span class='ocrx_word' id='word_1_277' title='bbox 457 2198 586 2237; x_wconf 89' lang='lat' dir='ltr'>socios</span> <span class='ocrx_word' id='word_1_278' title='bbox 606 2197 815 2237; x_wconf 86' lang='lat' dir='ltr'>existimari</span> <span class='ocrx_word' id='word_1_279' title='bbox 839 2199 997 2249; x_wconf 87' lang='lat' dir='ltr'>putatis,</span> <span class='ocrx_word' id='word_1_280' title='bbox 1018 2214 1137 2251; x_wconf 89' lang='lat' dir='ltr'>quam</span> <span class='ocrx_word' id='word_1_281' title='bbox 1163 2204 1297 2242; x_wconf 90' lang='lat' dir='ltr'>hostes</span> <span class='ocrx_word' id='word_1_282' title='bbox 1317 2215 1456 2245; x_wconf 88' lang='lat' dir='ltr'>omnes</span> 
     </span>
     <span class='ocr_line' id='line_1_35' title="bbox 130 2258 1457 2313; baseline 0.006 -13"><span class='ocrx_word' id='word_1_283' title='bbox 130 2262 308 2301; x_wconf 89' lang='lat' dir='ltr'>omnium</span> <span class='ocrx_word' id='word_1_284' title='bbox 343 2258 529 2313; x_wconf 87' lang='lat' dir='ltr'>generum</span> <span class='ocrx_word' id='word_1_285' title='bbox 569 2263 854 2302; x_wconf 86' lang='lat' dir='ltr'>sanctissimam</span> <span class='ocrx_word' id='word_1_286' title='bbox 891 2264 1129 2305; x_wconf 86' lang='lat' dir='ltr'>iudicarint?</span> <span class='ocrx_word' id='word_1_287' title='bbox 1195 2267 1457 2309; x_wconf 88' lang='lat' dir='ltr'>Humanitate</span> 
     </span>
    </p>
   </div>
  </div>
 </body>
</html>
