1534 2444
137 111 181 146 16
386 109 474 147 DE
510 109 774 150 IMPERIO
814 111 901 150 CN.
940 113 1182 152 POMPEI.
1249 111 1367 167 [xlv
1387 128 1434 162 4²

133 210 208 248 iam
234 218 343 249 tanta
366 217 435 258 est,
456 218 496 248 ut
523 210 679 249 difficile
697 210 804 251 dictu
828 212 889 260 sit,
914 220 1039 252 utrum
1067 214 1198 253 hostes
1223 213 1344 266 magis
1369 214 1437 254 vir-

132 282 255 314 tutem
288 275 371 313 eius
403 281 622 324 pugnantes
659 275 856 315 timuerint
886 290 937 315 an
974 277 1312 317 mansuetudinem
1349 277 1437 318 victi

132 338 344 377 dilexerint.
405 339 453 376 Et
481 337 686 388 quisquam
714 339 917 388 dubitabit,
944 341 1038 390 quin
1066 341 1156 380 huic
1183 342 1259 380 hoc
1288 349 1437 381 tantum

133 405 275 442 bellum
298 402 638 441 transmittendum
657 402 717 450 sit,
738 404 804 453 qui
822 405 874 443 ad
899 404 1030 443 omnia
1056 412 1211 444 nostrae
1230 405 1439 445 memoriae

133 467 209 505 bell
260 465 504 505 conficienda
529 465 662 504 divino
688 467 861 516 quodam
887 467 1052 507 consilio
1077 477 1191 508 natus
1210 481 1295 508 esse
1314 469 1439 508 videa·
1459 491 1473 515 ς

131 538 161 569 ti

64 594 91 631 4
211 595 296 632 XV.
356 595 406 632 Et
433 593 620 643 quoniam
647 594 855 634 auctoritas
884 609 1043 646 quoque
1070 596 1110 635 in
1133 596 1247 636 bellis
1273 597 1437 637 admini-

132 658 299 696 strandis
346 659 508 696 multum
555 666 673 707 atque
716 658 755 697 in
792 659 956 710 imperio
992 660 1147 700 militari
1182 662 1297 708 valet,
1334 670 1439 703 certe

132 722 277 761 nemini
297 722 459 762 dubium
479 728 548 770 est,
562 723 657 772 quin
675 735 721 761 ea
738 736 779 762 re
798 724 903 763 idem
922 724 986 763 ille
1005 724 1214 775 imperator
1232 725 1438 776 plurimum

133 786 264 836 possit.
321 787 583 826 Vehementer
619 795 751 826 autem
792 788 984 838 pertinere
1034 790 1085 828 ad
1132 790 1234 829 bella
1278 790 1441 830 admini-
1461 813 1489 831 ιο

132 852 297 898 stranda,
332 850 427 900 quid
460 852 603 898 hostes,
639 851 733 902 quid
766 852 860 891 socii
894 853 944 891 de
977 852 1271 902 imperatoribus
1299 854 1438 894 nostris

133 916 363 962 existiment,
396 916 483 967 qui's
520 916 683 966 ignorat,
714 930 803 956 cum
838 918 1005 956 sciamus
1042 918 1219 957 homines
1252 919 1292 957 in
1321 919 1439 958 tantis

131 981 258 1029 rebus,
292 988 335 1019 ut
371 988 453 1020 aut⁴
475 988 731 1020 contemnant
767 989 834 1020 aut
873 989 1050 1021 metuant
1086 990 1151 1021 aut
1188 982 1341 1022 oderint
1372 991 1438 1022 aut

131 1053 273 1093 ament,
303 1044 489 1095 opinione
519 1058 599 1083 non
628 1045 756 1084 minus
786 1053 824 1084 et
855 1046 957 1084 sama
987 1058 1105 1095 quam
1135 1045 1266 1096 aliqua
1290 1046 1438 1086 ratione

130 1116 236 1148 certa
261 1108 529 1147 commoveri?
583 1109 704 1157 Quod
735 1108 848 1158 igitur
876 1121 1019 1147 nomen
1054 1122 1242 1159 umquam
1271 1109 1311 1148 in
1344 1112 1439 1150 orbe
1460 1133 1489 1155 ις

130 1180 314 1211 terrarum
352 1171 489 1210 clarius
527 1171 621 1210 suit?
667 1171 776 1210 cuius
809 1184 870 1210 res
905 1179 1039 1222 gestae
1076 1174 1217 1222 pares?
1271 1174 1322 1211 de
1358 1185 1437 1223 quo

130 1236 289 1276 homine
318 1249 398 1283 vos,
428 1235 468 1274 id
495 1236 602 1286 quod
631 1235 799 1274 maxime
826 1235 918 1274 facit
945 1236 1228 1285 auctoritatem,
1264 1244 1371 1276 tanta
1398 1245 1436 1276 et

61 1303 112 1341 44
130 1310 208 1341 tarn
233 1302 429 1352 praeclara
453 1300 596 1340 iudicia
614 1299 780 1339 fecistis?
834 1302 898 1338 An
917 1312 1010 1338 vero
1029 1301 1146 1338 ullam
1168 1313 1331 1351 usquam
1352 1314 1436 1340 esse

130 1380 242 1407 oram>
264 1375 343 1405 tam
371 1366 564 1405 desertam
594 1364 750 1415 putatis,
777 1377 857 1414 quo
885 1376 967 1402 non
988 1363 1090 1403 illius
1122 1365 1201 1404 diei
1226 1366 1329 1403 sama
1356 1378 1437 1415 per-

131 1431 280 1478 vaserit,
299 1443 390 1469 cum
418 1429 618 1469 universus
638 1429 809 1479 populus
840 1430 1042 1467 Romanus
1068 1429 1207 1468 referto
1226 1430 1310 1467 soro
1336 1441 1439 1467 com·
1458 1449 1489 1467 ω

130 1496 322 1547 pletisque
351 1493 532 1533 omnibus
569 1492 736 1543 templis,
768 1505 817 1532 ex
844 1493 987 1542 quibus
1024 1492 1088 1531 hic
1124 1493 1233 1531 locus
1261 1491 1437 1542 conspici

130 1568 271 1610 potest,
301 1570 422 1596 unum
451 1556 525 1596 sibi
552 1558 603 1595 ad
636 1568 847 1595 commune
881 1556 1056 1594 omnium
1087 1556 1259 1606 gentium
1291 1557 1436 1595 bellum

128 1625 203 1665 Cn.
226 1621 458 1672 Pompeium
478 1622 755 1670 imperatorem
774 1619 1038 1670 depoposcit?
1094 1620 1244 1669 Itaque,
1267 1627 1308 1658 ut
1328 1621 1438 1670 plura

129 1700 211 1726 non
239 1686 365 1725 dicam
401 1697 530 1734 neque
559 1684 721 1722 aliorum
755 1684 942 1735 exemplis
975 1684 1215 1729 confirmem,
1249 1691 1436 1733 quantum

129 1749 277 1805 [huius]
304 1748 511 1788 auctoritas
539 1749 665 1787 valeat
692 1748 733 1786 in
761 1748 875 1795 bello,
897 1748 948 1786 ab
977 1747 1117 1786 eodem
1147 1746 1221 1787 Cn.
1249 1746 1438 1797 Pompeio
1456 1769 1488 1792 ις

129 1815 303 1854 omnium
324 1826 450 1853 rerum
471 1812 709 1863 egregiarum
739 1813 919 1861 exempla
943 1818 1161 1859 sumantur5
1191 1810 1258 1860 qui
1276 1823 1355 1860 quo
1373 1811 1437 1851 die

129 1892 153 1918 a
184 1878 295 1917 vobis
332 1876 526 1916 maritimo
564 1877 669 1915 bello
706 1875 950 1926 praepositus
987 1883 1045 1915 est
1075 1874 1295 1924 imperator,
1329 1882 1436 1914 tanta

130 1950 288 1994 repente
319 1941 445 1981 vilitas
476 1953 657 1980 annonae
687 1953 734 1980 ex
771 1953 923 1979 summa
952 1939 1084 1989 inopia
1120 1946 1159 1977 et
1195 1938 1355 1978 caritate
1383 1938 1436 1978 rei

128 2005 401 2045 frumentariae
431 2012 642 2044 consecuta
671 2012 730 2044 est
755 2004 869 2043 unius
894 2003 1065 2044 hominis
1092 2015 1162 2053 spe
1190 2016 1236 2041 ac
1265 2003 1434 2051 nomine,

129 2077 315 2119 quantam
337 2069 399 2108 vix
423 2081 472 2108 ex
496 2082 647 2107 summa
666 2069 841 2108 ubertate
863 2079 1042 2119 agrorum
1061 2066 1243 2106 diuturna
1260 2079 1335 2116 pax
1361 2067 1439 2106 effi-
1456 2089 1484 2113 ,ι

60 2139 108 2177 45
129 2147 217 2174 cere
249 2133 448 2184 potuisset.
507 2135 591 2171 Iam
622 2140 789 2183 accepta
820 2132 861 2170 in
899 2134 1027 2171 Ponto
1056 2130 1277 2170 calamitate
1305 2143 1355 2170 ex
1386 2143 1435 2171 eo

129 2199 290 2250 proelio,
328 2199 379 2237 de
415 2210 495 2248 quo
531 2210 601 2236 vos
644 2199 763 2247 paulo
798 2203 892 2235 ante
926 2195 1069 2234 invitus
1107 2193 1307 2242 admonui,
1343 2207 1434 2233 cum

128 2262 224 2303 socii
250 2261 549 2314 pertimuissent,
570 2261 739 2300 hostium
758 2273 856 2311 opes
878 2258 1078 2309 animique
1099 2258 1321 2308 crevissent,
1341 2258 1434 2298 satis
